4608 5460
1081 345 1424 484 ''52⁰’'

574 533 619 604 V.
645 547 681 617 8.
734 534 834 625 “Qui
859 534 947 612 facit¹
970 497 1182 630 peccatum,
1209 562 1252 610 ex
1275 539 1428 618 diabolo
1453 561 1525 638 est,
1551 554 1637 648 quia
1663 549 1712 624 ab
1732 551 1840 626 initio
1867 552 2042 630 diabolus

466 643 603 725 peccat.
654 636 696 702 In
721 628 797 704 hoc
820 634 993 729 apparuit
1016 633 1112 708 filius
1138 638 1228 730 Dei,
1254 654 1295 711 ut
1313 642 1432 718 solent
1452 671 1567 743 opera
1586 648 1762 724 diaboli)²

516 745 644 849 secde
669 755 745 855 γοίρ
779 755 849 860 erpo*
879 756 1037 838 πάντων
1056 761 1108 856 *)‚
1142 791 1235 865 τροι-
1326 771 1515 860 Quoniam
1559 798 1648 870 prae
1691 779 1831 849 cunctis
1867 778 2040 854 diabolus

466 851 547 932 meis
582 850 600 930 d
638 845 815 942 διάβολος
845 861 886 936 ἐν
915 865 972 960 τῷ
1002 857 1235 952 deseruisses
1277 891 1402 940 versus
1423 883 1479 940 est
1498 869 1546 942 ad
1563 873 1809 968 peccandum,
1837 903 1944 948 exeo
1962 905 2041 951 no-

466 951 640 1044 γέγονεν,
672 948 718 1050 ἐξ
749 951 868 1034 αὐτοῦ
900 889 1125 1058 χρηματίςξι
1156 970 1235 1044 sris
1274 985 1360 1036 men·
1388 966 1510 1040 habet.
1560 968 1757 1064 [Diabolus
1782 999 1870 1071 ergo
1894 977 2040 1048 Graeco

467 1046 486 1126 d
505 1046 775 1154 ἆμαρτητικῶε
798 1059 968 1157 ἐνεργῶν.
1274 1063 1459 1138 vocabulo
1472 1068 1657 1158 seductor,
1676 1093 1738 1140 seu
1756 1085 1959 1162 accusator,
1983 1074 2040 1146 vel

884 1181 887 1191 ’
1273 1159 1473 1261 derogator
1497 1167 1772 1265 significat.]**)
1829 1171 1878 1241 Et
1905 1170 2039 1260 omnis,

1274 1261 1340 1356 qui
1372 1277 1547 1360 operatur
1563 1281 1788 1363 peccatum,
1823 1281 1946 1365 potest
1974 1267 2040 1340 tali
2137 1341 2142 1350 ,

1274 1357 1454 1457 appellari
1474 1361 1667 1437 vocabulo.

464 1472 647 1644 Pplssiliile
673 1476 773 1549 enim
793 1475 887 1571 hoc,
906 1479 1017 1580 Aquod
1042 1483 1090 1556 ait
1116 1480 1164 1555 ab
1193 1482 1298 1558 initio
1333 1512 1486 1586 peccare
1512 1487 1730 1585 diabolum,
1760 1493 1869 1565 etiam
1895 1492 1946 1564 sic
1972 1491 2039 1567 in··'

465 1587 500 1643 te
531 1597 595 1670 tgr:
2038 1604 2040 1612 ⁴

464 1741 516 1754 -
540 1695 778 1803 προέρχεται
804 1701 881 1806 vaip
907 1710 948 1784 ἐν
972 1713 1029 1809 τῷ
1055 1705 1231 1811 ἁμαρτά.
1273 1713 1360 1811 quia
1376 1715 1477 1786 omui
1492 1711 1645 1790 homine
1665 1718 1819 1790 faciente
1832 1732 2039 1817 peccatum,

464 1829 579 1885 νοντν,
611 1789 660 1876 di’
693 1798 916 1902 ὑπερβολήν
934 1807 1012 1900 ***)
1036 1812 1231 1909 λογισμῶν
1273 1810 1465 1904 diabolus,
1497 1821 1564 1911 per
1587 1839 1672 1886 curn
1694 1814 1741 1886 ab
1765 1817 1869 1890 initio
1893 1813 2037 1918 habens

464 1903 647 2000 πονηρῶν,
672 1897 718 1982 eis
743 1899 807 1980 ἐπὶ
831 1909 898 1984 τοῦ
922 1899 1014 1986 ’Iov‘d
1040 1965 1049 1988 .
1271 1911 1521 2007 principatum
1541 1911 1581 1982 in
1605 1937 1671 2002 eo,
1706 1915 1770 2012 qui
1786 1928 1932 2011 peccat,
1970 1939 2041 2010 per,

1270 2011 1528 2082 submissiones
1551 2008 1735 2082 malarum
1757 2012 2041 2108 cogitationum„

1270 2104 1367 2177 sicut
1386 2106 1427 2178 in
1453 2107 1543 2179 luda
1565 2108 1704 2180 sactum
1724 2123 1823 2200 tum,
1841 2109 1940 2180 'cum
1963 2109 2038 2195 mi·-¹

1271 2203 1377 2274 sisset
1392 2202 1565 2278 diabolus
1584 2207 1624 2279 in
1644 2231 1711 2278 cor
1730 2206 1829 2300 ejus,
1853 2221 1893 2280 ut
1910 2207 2040 2278 trade-

1096 2349 1099 2358 ,
1261 2315 1328 2371 ret
1344 2301 1550 2395 domiuum,
1576 2303 1723 2379 initium
1737 2305 1778 2376 in
1799 2331 1843 2378 eo
1860 2302 2038 2401 peccandi

1150 2452 1154 2460 .
1270 2398 1351 2468 suit.

465 2529 533 2603 His
560 2549 769 2627 congruum
793 2528 921 2617 etiam,
949 2550 1043 2624 quae
1069 2525 1115 2598 de
1138 2523 1404 2622 Ananiadicta
1428 2540 1645 2601 noscuntur.
1698 2529 1794 2602 Cum
1819 2527 1924 2626 prins
1939 2527 2038 2599 enim

466 2627 688 2727 complesset
713 2624 886 2698 diabolus
912 2650 977 2696 cor
1004 2623 1102 2720 ejus,
1128 2637 1258 2720 postea
1281 2625 1465 2720 peccavit,
1492 2626 1570 2722 ipse
1592 2627 1810 2723 contingens
1843 2628 1889 2696 de
1916 2625 2038 2722 pretio

495 2727 629 2816 medii,
653 2725 755 2823 quod
777 2721 1012 2812 vendiderat,
1040 2722 1234 2794 occasione
1259 2723 1524 2795 benefaciendi.
1575 2725 1813 2823 Respondeat
1839 2722 1972 2821 aliquis
1997 2722 2038 2794 in

464 2755 541 2897 linc
564 2824 671 2914 loco,
697 2823 841 2914 dicens,
869 2821 961 2921 quid
982 2819 1140 2892 efficeret
1164 2815 1335 2892 diabolus
1358 2821 1396 2892 in
1422 2821 1698 2919 peccatoribus,
1732 2849 1817 2895 cum
1839 2823 1911 2919 ipsi
1933 2819 2037 2918 prius

466 2923 717 3022 peccaverint,
743 2923 873 2994 dantes
895 2921 929 2992 ei
954 2916 1107 2992 locum?
1131 2917 1343 2990 Dicendum
1365 2932 1439 3009 est,
1472 2921 1571 2993 idem
1593 2945 1672 2994 esse
1691 2923 1811 2993 facere
1831 2932 2038 3017 peccatum,

414 3009 417 3015 ⁵
468 3022 570 3121 quod
608 3047 781 3120 peccare,
818 3047 904 3092 cum
931 3018 1040 3092 datur
1075 3013 1228 3090 diabolo
1266 3014 1381 3091 locus.
1432 3020 1505 3090 Dat
1528 3021 1627 3092 enim
1648 3021 1681 3092 ei
1706 3018 1831 3091 locum
1854 3016 2038 3113 concupi-

467 3121 622 3208 scentia,
646 3135 778 3219 (prem,
803 3117 925 3216 fragili
951 3116 1173 3214 cogitatione
1195 3112 1401 3210 subjectus,
1426 3131 1626 3216 postquam
1648 3117 1848 3216 susceperit
1872 3141 1957 3188 eum
1980 3114 2037 3226 †)3

468 3219 658 3293 actualiter
680 3217 823 3316 peragit
846 3229 1051 3316 peccatum.
1110 3217 1196 3288 Hoc
1229 3215 1328 3286 enim
1362 3216 1544 3314 significat
1567 3216 1670 3314 quod
1695 3215 1836 3290 dictum
1859 3228 1930 3288 est:
1973 3235 2038 3310 qur

469 3318 554 3390 facit
578 3331 779 3414 peccatum.

470 3437 570 3521 'nidd
593 3440 661 3522 nai
685 3442 729 3521 sd
755 3443 887 3533 εἰπεῖν,
909 3447 1031 3530 ποιῶν,
1054 3435 1155 3519 a’tt’
1182 3433 1234 3529 ου’,
1275 3439 1376 3512 Bene
1398 3438 1582 3539 siquidem
1605 3439 1746 3514 dictum
1772 3454 1826 3513 est
1852 3442 1916 3540 qui
1942 3441 2044 3530 facit,

468 3537 634 3628 ποιήσοις.
663 3545 732 3623 τοῦ
758 3539 1059 3638 μιτανοήσοιντος
1084 3535 1150 3621 οὐκ
1174 3540 1233 3621 ἔτι
1273 3563 1353 3612 non
1378 3539 1446 3633 ait,
1475 3540 1539 3640 qui
1561 3539 1665 3632 fecit,
1689 3567 1775 3614 cum
1796 3539 1826 3613 si
1840 3538 1916 3638 ††)
1945 3563 2042 3636 poe·
2167 3585 2178 3612 .

582 3720 617 3789 et
639 3705 859 3806 ἇμαρτᾶνων,
881 3723 1000 3806 φησὶν,
1022 3714 1080 3826 οὐχ
1102 3714 1254 3807 ἑώρακεν,
1276 3714 1350 3788 οὐδὲ
1371 3725 1512 3806 ἔγνωκεν
1529 3714 1648 3788 αὐτόν·
1671 3722 1775 3788 corito
1792 3713 1856 3806 γάρ
1871 3725 1938 3786 ἐστι
1954 3720 2040 3807 γνοῖ-

583 3831 633 3880 osc
650 3801 891 3890 ἐπιστημονικῆ
911 3808 966 3872 καὶ
987 3805 1181 3884 tetrasemos
1200 3797 1397 3888 κατανόησις
1417 3805 1522 3882 θεοῦ,
1541 3799 1580 3871 τὸ
1602 3797 1651 3889 μὴ
1673 3797 1892 3890 ἁμαρτάνειν.

534 3919 566 3998 *)
588 3909 652 4003 πρὸ
673 3909 810 3982 πάντων
831 3911 1036 3979 scribendum
1058 3935 1100 3978 ex
1120 3916 1306 3978 auctoritate
1325 3912 1405 3976 Cod.
1426 3913 1477 3976 D.'

516 4019 565 4100 **)
588 4019 680 4163 quse
698 4017 824 4082 uncinis
846 4017 1047 4096 seclusimus,
1069 4037 1107 4079 es
1128 4015 1210 4079 hand
1233 4016 1327 4080 dubie
1347 4016 1387 4080 ab
1415 4017 1592 4102 interprete
1613 4014 1729 4080 Latino
1750 4015 1932 4102 explicandi
1953 4039 2046 4083 cause

586 4123 602 4163 a
626 4103 706 4180 jecta
726 4111 814 4164 sunt.

496 4205 556 4283 Μ)
576 4201 771 4268 Matthaeius
790 4193 968 4288 ὑποβολήν
989 4201 1142 4286 conjecit,
1166 4221 1246 4286 quse
1267 4201 1360 4263 lectio
1381 4199 1496 4264 Latine
1517 4199 1666 4268 versione
1688 4198 1907 4268 confirmatur·
2019 4265 2036 4277 „

534 4307 571 4387 †)
591 4307 721 4397 Nempe
739 4303 925 4394 diabolum„

517 4409 576 4492 ἥ)
595 4409 636 4472 In
658 4406 739 4472 Bibl.
761 4418 793 4468 et
806 4405 920 4469 Colon.
944 4417 976 4469 et
985 4401 1137 4491 Lugdun.
1157 4373 1353 4488 legiturite:
1375 4425 1448 4470 cum
1462 4405 1488 4470 is
1505 4380 1682 4492 poenitens.
1723 4400 1869 4494 Gellsnd3
1890 4404 2048 4488 reposuit:

590 4511 664 4556 cum
686 4491 713 4556 is
736 4485 806 4575 qui.
846 4487 901 4552 Ex
921 4509 1035 4573 graeco
1056 4489 1205 4574 exemplo
1226 4491 1344 4554 rectius
1367 4491 1482 4576 opinor
1503 4493 1718 4561 restituimus:
1742 4508 1815 4551 curn
1836 4507 1877 4548 st.
1920 4542 1926 4575 :
