4608 5460
264 651 269 658 -
326 623 330 630 ·
382 596 457 688 Qui
480 613 599 686 vere,
618 619 661 670 ex
685 607 764 666 tota
787 591 930 680 anima,
968 601 1071 660 etex
1096 599 1178 662 toto
1205 587 1320 664 corde
1346 587 1466 688 diligit
1490 592 1631 682 Deum,
1666 589 1746 686 ejus
1771 593 1850 682 im-

268 697 362 798 perii
379 693 502 770 :rerba
526 693 707 783 custodit,
744 703 779 762 et
812 691 957 786 reipsa
983 687 1221 782 cognoscitur
1248 688 1483 762 dilectionem
1508 689 1579 762 Dei
1604 687 1768 782 babere,
1805 720 1848 779 ex

268 822 344 896 qua
370 792 594 892 reprobatur
619 789 712 864 haec
733 787 850 862 modo
877 811 997 858 causa.
1059 784 1133 876 Qui
1159 788 1261 858 Deus
1289 813 1374 858 cum
1398 786 1480 882 ejus
1510 801 1706 867 servantur
1731 789 1849 867 verba

267 893 435 992 diligitur
451 897 509 986 *),
541 905 578 964 et
603 888 785 988 probatur
808 911 891 958 eum
914 881 1072 974 habere,
1109 885 1174 982 qui
1197 883 1276 980 ejus
1303 887 1540 982 cognoscitur
1561 888 1740 966 mandata
1766 917 1850 972 sen·
1908 935 1911 944 .
1954 979 1957 986 Ι

268 1019 366 1068 vare.
418 990 535 1083 Quod
562 1015 651 1064 uero
676 985 823 1060 dilectio
851 1007 962 1056 causa
987 997 1042 1056 est
1066 979 1144 1077 ejus
1169 983 1344 1060 servandi
1364 985 1561 1076 mundata,
1588 987 1848 1070 manifestatur

199 1110 206 1120 '
269 1117 313 1164 ex
338 1117 401 1182 eo,
431 1089 535 1187 quod
559 1087 796 1160 dictumest:
832 1082 895 1156 “si
919 1080 1002 1179 quis
1031 1105 1091 1152 me
1118 1079 1255 1180 diligit,
1282 1107 1364 1155 mea
1389 1084 1565 1162 mandata
1588 1083 1787 1174 servabit”,
1814 1101 1850 1168 et

261 1215 312 1278 ‚ex
339 1188 422 1274 illo:
465 1187 520 1258 “si
546 1185 630 1282 quis
657 1182 801 1279 diligit,
838 1177 995 1254 verbum
1022 1205 1148 1252 meum
1174 1179 1355 1271 custodit,
1396 1194 1432 1252 et
1456 1194 1561 1280 pater
1585 1207 1691 1258 meus
1719 1184 1848 1284 diliget
1920 1191 1925 1200 '

265 1299 389 1362 eum.”
454 1286 523 1358 His
549 1285 673 1380 itaque
700 1292 950 1356 consonanter
975 1277 1175 1353 dicendum
1206 1292 1281 1372 est,
1318 1277 1438 1378 legem
1458 1293 1495 1352 et
1518 1279 1724 1378 prophetas
1749 1310 1849 1381 pen-

266 1385 357 1460 dere
376 1410 443 1485 per
460 1381 636 1466 mandata
653 1378 871 1455 dilectionis.
923 1378 1021 1468 Quia
1044 1402 1134 1450 vero
1157 1401 1178 1448 e
1198 1377 1346 1452 diverso
1374 1379 1554 1455 sententia
1579 1379 1628 1456 ad
1651 1405 1723 1452 nos
1749 1408 1849 1466 con·-

269 1511 374 1560 rersa
410 1478 609 1564 accusabili
647 1477 808 1557 ostendit
848 1501 997 1550 causam
1029 1473 1271 1574 probatione,
1309 1477 1503 1550 manifeste
1537 1491 1768 1558 monstratur
1801 1489 1846 1560 ei

263 1609 338 1673 eo,
375 1582 480 1680 quod
509 1579 755 1658 dictumest:
790 1575 882 1676 “qui
907 1573 1022 1652 habet
1047 1574 1222 1648 mandata
1251 1601 1335 1650 mea
1372 1589 1408 1647 et
1441 1589 1563 1652 servat
1592 1601 1656 1665 ea,
1693 1575 1753 1651 hic
1781 1593 1846 1670 cst,

271 1681 335 1780 qui
353 1705 412 1751 me
433 1677 586 1774 diligite
613 1673 722 1749 simul
744 1689 780 1748 et
800 1701 844 1758 ex
859 1675 1044 1773 praesenti
1062 1699 1255 1764 sermone,
1281 1673 1386 1773 quod
1402 1673 1541 1746 dictum
1568 1687 1641 1763 est,
1664 1677 1755 1772 “qui
1776 1705 1849 1750 cu·-
1900 1761 1906 1770 ¹

268 1779 384 1852 stodit
413 1774 571 1851 verbum
597 1775 696 1875 ejus,
736 1774 775 1846 in
800 1772 874 1848 hoc
899 1770 1058 1844 charitas
1083 1772 1153 1842 Dei
1179 1773 1341 1871 perlecta
1371 1784 1459 1846 est.”
1516 1775 1614 1844 Vere
1644 1776 1847 1871 perlectam

266 1873 505 1954 dilectionem
522 1874 674 1966 dicens,
699 1897 767 1970 per
793 1897 907 1970 quarn
931 1867 1024 1943 nihil
1050 1869 1237 1942 malorum
1263 1884 1373 1969 atque
1399 1867 1586 1945 fallacium
1610 1897 1737 1943 rerum
1763 1873 1846 1973 quis

269 1979 315 2049 ab
342 1971 412 2046 hae
436 1971 633 2046 dilectione
658 1969 795 2069 poterit
819 1969 1004 2066 segregari
1020 1973 1088 2062 **).

379 2090 430 2198 v]
450 2138 487 2209 7.
523 2091 803 2210 rotumum,
822 2145 905 2194 non.
924 2143 1066 2208 novum
1090 2117 1310 2194 mandatum
1337 2118 1464 2194 scribo
1486 2117 1616 2214 vobis,
1642 2119 1708 2198 sed
1733 2137 1848 2195 man--¹

270 2224 400 2301 datum
423 2235 555 2310 retus,
584 2219 688 2318 quod
710 2217 893 2298 habuistis
914 2214 962 2294 ab
981 2216 1111 2290 initio''
1135 2234 1202 2292 etc.

382 2346 481 2434 Quia
503 2345 600 2414 lorte
619 2340 858 2438 'derogabant
891 2341 1007 2437 aliqui
1043 2344 1287 2442 evangelistae
1307 2345 1352 2442 lp)
1384 2359 1474 2419 tunc
1509 2345 1720 2436 doctrinae,
1738 2341 1848 2418 'tan-

271 2469 386 2544 quam
416 2440 498 2512 heri
529 2451 565 2510 et
595 2455 721 2536 nuper¹
741 2438 930 2536 inceptae,
968 2439 1095 2529 docet,
1133 2444 1221 2540 quia
1245 2443 1463 2514 mundatum
1487 2442 1633 2534 scribit,
1659 2469 1739 2516 nou
1759 2458 1849 2516 tunc

264 2540 442 2642 'primitus
474 2535 692 2611 hominibus
719 2537 882 2627 datum,
928 2535 994 2608 sed
1027 2551 1151 2629 vetus,
1191 2555 1226 2611 et
1255 2539 1358 2637 quod
1393 2541 1594 2638 antiquitus
1624 2537 1846 2614 habuerunt.

263 2642 439 2720 'Priscum
454 2655 627 2733 ‘namque
650 2635 866 2706 mundatum
893 2645 972 2706 esti
990 2633 1119 2733 diliges
1146 2636 1342 2713 dominum
1359 2638 1482 2710 Deum
1506 2650 1633 2730 tuum,
1659 2649 1695 2710 el
1721 2641 1849 2738 proxi-

270 2765 397 2828 mum,
418 2736 527 2811 ‘sient‘
543 2747 581 2806 te
599 2734 742 2832 ipsum,
767 2733 946 2830 quoniam
968 2733 1138 2816 auditum
1160 2738 1283 2808 luerat
1302 2731 1377 2808 hoc
1402 2735 1620 2812 mandatum
1648 2735 1737 2810 olim
1764 2753 1801 2811 et
1825 2754 1848 2812 'a

262 2837 387 2934 longo
404 2833 489 2930 jam
512 2847 701 2930 tempore,
725 2831 910 2930 sapienter
936 2832 1130 2931 antiquum
1152 2847 1188 2908 et
1209 2833 1249 2910 in
1271 2835 1442 2913 notitiam
1465 2833 1663 2908 hominum
1682 2832 1757 2932 jam
1781 2863 1849 2912 ve-

260 2937 369 3007 ·nlsse
391 2931 643 3032 praedicetur.-
1362 2937 1366 2944 '
1727 2949 1733 2962 ’

224 3121 226 3126 ,
263 3055 370 3150 Ἴσως
413 3061 491 3186 ipsi
524 3084 603 3143 ris,
632 3057 724 3136 'nois
760 3049 832 3136 οἷόν
872 3084 918 3137 τε
957 3053 1041 3140 ἐστὶ
1080 3058 1223 3135 Poterit
1240 3074 1362 3136 autem
1373 3059 1450 3228 pipi
1468 3058 1573 3138 aliter
1590 3058 1723 3151 dicere,
1747 3047 1848 3158 quo,-

262 3167 366 3240 'rosiv
399 3189 471 3248 την
497 3153 751 3280 *alpitdepirttvq
767 3152 853 3258 περὶ
885 3154 1040 3252 ἀγάπης
1081 3157 1203 3230 modo.
1215 3157 1333 3259 possit
1347 3156 1423 3232 inte
1438 3155 1501 3258 ligi
1522 3155 1846 3252 inemendatum,

272 3258 433 3350 ἐντολήν
462 3252 520 3335 oin
555 3261 675 3357 αρχῆς
713 3285 805 3333 siras
838 3253 907 3334 καὶ
931 3253 1039 3340 inot-
1081 3256 1182 3352 quod
1205 3254 1378 3328 scribitur
1402 3256 1449 3328 de
1473 3251 1648 3355 charitate
1672 3260 1845 3356 proximi,

273 3360 373 3440 oder
397 3352 563 3440 redvers,
602 3351 652 3434 eis
680 3349 706 3444 ti
730 3354 918 3447 irrorati
945 3351 1039 3455 γράι
1080 3358 1126 3424 ub
1145 3353 1253 3434 initio
1269 3377 1360 3444 esse,
1387 3368 1423 3426 et
1444 3354 1574 3446 abeis,
1592 3354 1730 3453 quibus
1747 3383 1847 3430 nunc

273 3465 400 3563 φεται,
449 3457 516 3552 [Ed
534 3455 605 3552 ,aly
623 3452 702 3559 γιὶρ
713 3447 893 3537 Ἰουδαίοις
908 3461 1039 3536 wilm
1080 3450 1209 3526 scribit
1220 3453 1400 3545 auditum,
1420 3477 1506 3526 eum
1523 3472 1604 3526 non
1617 3455 1761 3546 intimi,
1783 3456 1849 3530 sed

278 3633 716 3660 Μ

336 3721 368 3799 *)
386 3717 440 3780 Ex
460 3735 522 3800 qus
542 3711 735 3798 reprobatur
761 3743 867 3762 -·—·
892 3711 1042 3797 diligitur.
1090 3711 1195 3789 Haec,
1224 3721 1261 3774 ut
1282 3713 1430 3799 leguntur
1451 3711 1503 3774 vel
1526 3711 1610 3796 apud
1635 3683 1849 3791 Gallandium,
1905 3773 1908 3778 .

390 3819 486 3896 sensu
522 3811 649 3860 carent..
681 3796 828 3894 donisel
857 3795 1023 3880 equidemz
1058 3815 1101 3858 ex
1140 3815 1275 3940 guare
1303 3791 1489 3882 probatur.
1505 3793 1584 3858 haec
1620 3793 1718 3857 modo
1741 3814 1848 3876 cause,
1945 3859 1948 3866 ,

390 3903 462 3967 qum
481 3881 590 3960 Deus,
617 3899 692 3942 eum
714 3897 781 3960 ejus
802 3891 976 3945 serventur
996 3877 1112 3957 verbu,
1163 3880 1290 3962 tltgttur.

317 3989 364 4075 3.)
382 3991 434 4056 Ita
454 3989 642 4056 Gallendius
666 3991 922 4073 exconjectura.
971 3991 1123 4077 Vulgaris
1143 3989 1234 4053 lectio
1256 4011 1273 4053 a
1298 3999 1366 4052 erte
1393 3989 1469 4054 salsa
1490 3987 1569 4050 haec
1591 3994 1666 4081 est}⁸
1690 3983 1846 4052 fallacium

390 4095 486 4169 eum,
502 4076 562 4160 qui
582 4074 622 4138 ab
645 4074 705 4138 hec
725 4074 890 4141 dilectione
905 4074 1039 4161 poteris
1059 4074 1229 4158 segregari.
1312 4094 1348 4135 ec
1374 4081 1482 4134 nmen
1511 4068 1555 4134 G.
1576 4067 1657 4132 nnln
1685 4067 1845 4135 satisfecit.

389 4155 554 4221 Videntur
574 4159 678 4242 eliqua
699 4158 871 4238 excidisse,
899 4157 1006 4224 nereio
1027 4177 1120 4241 quae.

213 4315 217 4323 .
328 4265 376 4350 ,θ
400 4263 500 4346 cave,
520 4268 722 4356 neBusuegii
743 4291 887 4335 errorem
903 4291 1002 4346 erres,
1025 4267 1219 4334 vocabulum
1233 4259 1499 4350 Evangelistae,
1519 4256 1847 4342 nominativumplu-
1905 4291 1908 4302 ·

390 4350 493 4436 ralem
519 4372 588 4416 esse
617 4365 738 4418 temere
767 4353 928 4439 opinantis
956 4364 1051 4436 atque
1079 4353 1186 4420 locum
1214 4360 1363 4412 nostrum
1386 4344 1460 4410 inde
1481 4343 1621 4428 grentes
1641 4342 1846 4426 increpantis.

390 4431 553 4497 Sententia
571 4435 666 4521 plana
687 4451 750 4516 est,
771 4436 868 4500 modo
891 4447 1016 4513 teneas,
1037 4433 1247 4517 evangelistae
1267 4451 1336 4497 esse
1356 4429 1545 4516 genetivum
1565 4425 1770 4511 singularem.
1809 4437 1816 4446 ’

321 4539 383 4627 st)
403 4542 573 4616 Excidisse
593 4544 735 4612 videtur:
763 4543 911 4630 aliquis.
937 4542 998 4608 clr.
1020 4541 1121 4610 verbu
1140 4542 1274 4614 Graece·
1360 4604 1363 4610 .

1448 4666 1470 4732 2
1498 4653 1519 4694 s
