4608 5460
468 619 555 692 dem
580 611 725 688 videtur
747 609 933 690 foecunda
957 609 1021 684 illa
1039 607 1267 710 Mingarellii‘
1283 613 1469 688 variarum
1484 605 1788 712 ¹conjecturarum
1808 623 1930 720 eopia,
1956 643 2050 724 qu„

470 740 599 794 vereor
622 707 752 786 omncs
776 713 890 788 timor
914 735 961 782 ne
987 711 1114 784 fecerit
1138 735 1252 802 sacer,
1278 711 1465 803 videlieet,
1490 737 1538 784 nc
1561 714 1736 789 eeclmiae
1755 720 1796 791 in
1817 721 2052 800 defendenda

472 813 570 890 illius
595 811 773 910 epistolae
797 809 1014 884 auctoritate
1042 809 1190 881 Petrina
1212 833 1353 883 nomen
1369 810 1509 884 deesset
1528 811 1682 912 Didymi
1733 841 1796 890 rae
1820 817 1947 892 multis
1967 811 2049 894 cla-

367 935 369 942 '
471 939 566 988 rum.
616 909 770 985 Nodum
796 909 869 999 rei,
894 907 960 1008 qui
986 906 1142 980 omnino
1167 906 1281 998 inest,
1318 933 1360 980 nc
1385 907 1604 1008 scrupulum
1636 843 1731 986 faed

472 1009 575 1087 cabis
600 1010 671 1099 ita,
696 1023 738 1079 ut
759 1005 966 1107 Didyrnum
990 1004 1091 1077 dieas
1124 1002 1230 1077 aliter
1261 1031 1333 1106 pro
1368 1003 1441 1078 alio
1474 1007 1635 1081 docendi
1652 1035 1801 1109 genere
1825 1013 1872 1086 de
1894 1015 2051 1113 epistola

347 1197 349 1206 Ι
473 1109 537 1184 illa
560 1107 778 1206 disputasse·
794 1103 1046 1178 oeconomice.
1106 1105 1151 1174 In
1184 1127 1260 1201 qua
1285 1129 1325 1176 re
1349 1104 1413 1178 ille
1438 1119 1584 1180 secutus
1603 1121 1664 1182 est
1689 1111 1901 1207 originem,
1934 1114 1985 1186 ita
2009 1129 2051 1187 ιιι

473 1211 511 1282 in
538 1201 817 1308 quaestionibus
842 1201 1001 1276 manime
1026 1201 1218 1298 exegeticis
1237 1227 1325 1298 pro
1359 1203 1516 1276 instituti
1549 1205 1694 1278 ratione
1726 1209 1874 1282 criticas
1894 1213 2051 1285 anonis

474 1331 603 1382 causas
621 1302 799 1401 aperiret,
826 1298 865 1372 in
891 1300 916 1371 d
942 1379 943 1383 Ἰ
1006 1299 1217 1372 atiniarum
1244 1313 1281 1370 et
1304 1299 1544 1394 homileticis,
1577 1327 1626 1374 ne
1656 1301 1864 1378 offenderet
1886 1306 2051 1404 vulgum,

472 1402 661 1500 vulgarem
702 1399 858 1476 anonis
891 1423 954 1472 ece
1009 1395 1126 1474 iastici
1165 1398 1474 1474 consuetudinem
1513 1400 1768 1478 minoratam
1807 1401 1880 1478 sibi
1909 1407 2051 1480 cautior

470 1503 663 1578 retineret

1110 1733 1300 1842 ¹VI.

593 1893 791 1992 Exegetica
815 1895 934 1966 nostri
956 1895 1081 1992 operis
1103 1919 1149 1966 ea
1173 1908 1230 1967 est
1252 1896 1367 1988 ratio,
1393 1910 1436 1969 ut
1459 1895 1612 1998 Didymi
1631 1894 1862 1989 methodum,
1885 1895 2050 1976 Alexan-

475 1995 621 2071 drinam
647 1989 836 2080 uidelicet,
863 2017 927 2064 sen
947 1993 1072 2092 potius
1093 1993 1377 2090 origenianam,
1402 1991 1542 2092 ubique
1562 1998 1708 2086 referat,
1731 1996 1783 2067 ita
1807 2009 1931 2069 tamen
1952 2013 2050 2071 tem-

379 2173 383 2180 ,
474 2105 661 2197 peratum,
696 2103 737 2161 ut
762 2091 801 2162 in
823 2087 941 2163 tt‘T.
972 2089 1105 2162 sdltem
1138 2088 1244 2162 libris
1277 2115 1299 2161 a
1329 2092 1449 2162 nimio
1475 2091 1527 2162 all
1599 2093 1739 2164 riarum
1770 2094 1895 2168 studio
1929 2093 2050 2168 absti-

475 2204 572 2266 neat.
624 2188 915 2261 Grammaticam
941 2202 1051 2290 atque
1073 2185 1289 2262 historicam
1313 2117 1596 2288 interpretaridi)
1595 2191 1791 2264 rationem
1816 2191 1917 2263 utin
1939 2219 2051 2268 com·-

475 2287 688 2378 mentariis,
724 2287 775 2358 ita
804 2286 845 2358 in
876 2288 1108 2358 enarratione
1138 2299 1267 2358 nostra
1296 2281 1398 2358 haud
1435 2285 1594 2382 neglexit
1618 2279 1799 2382 quidem,
1832 2291 1912 2362 imo
1937 2287 2052 2363 hahet

474 2387 663 2462 'interdum
687 2409 783 2488 quae
803 2383 959 2457 adeam
986 2385 1128 2456 faciunt
1150 2381 1355 2453 utilissima.
1396 2383 1448 2449 ·1n
1474 2407 1551 2476 quo
1570 2394 1695 2452 umen
1714 2405 1825 2473 care,
1866 2409 1914 2454 ne
1938 2389 2050 2458 aesti-

474 2485 622 2564 mandis
648 2481 866 2580 antiquioris
891 2479 1064 2554 ecelesiae
1087 2475 1263 2576 operibus
1288 2475 1479 2573 exegeticis
1512 2490 1680 2550 nontam
1713 2479 1804 2550 artis
1836 2505 2049 2557 mensuram

475 2581 665 2658 adhibeas.
715 2581 874 2652 'Veteres
903 2577 1003 2649 enim
1024 2573 1222 2672 'Theologi
1252 2575 1408 2666 Graeci,
1443 2599 1562 2673 quum
1593 2572 1711 2648 libros
1736 2578 1788 2650 tt.
1815 2579 1859 2649 Τ.
1893 2603 1940 2650 er
1965 2582 2050 2658 viva

409 2743 413 2756 .
476 2680 600 2757 adhuc
621 2677 749 2776 lingua
772 2674 915 2750 facilius
939 2673 1201 2772 intelligerent,
1228 2697 1341 2772 quam
1361 2685 1439 2744 arte
1483 2670 1684 2770 hilologica
1707 2673 2048 2774 interpretarentur,

475 2777 738 2880 grammaticas
759 2773 924 2845 rationes
957 2767 1059 2842 haud
1083 2783 1359 2844 contemserunt
1384 2769 1458 2870 qui
1497 2795 1555 2862 m,
1591 2772 1690 2865 imo,
1727 2770 1794 2844 ubi
1826 2785 1922 2872 opus
1957 2775 2048 2874 ipsis

478 2880 600 2954 vnum
625 2885 698 2965 est,
724 2869 953 2970 explicarunt
976 2867 1184 2960 interdum,
1218 2868 1259 2940 id
1284 2882 1409 2942 nmen
1433 2869 1653 2968 praeprimis
1678 2884 1895 2969 spectarunt
1928 2873 2051 2947 inter-

477 2971 683 3077 pretando,
715 2983 758 3046 ut
788 2995 847 3042 res
874 2993 920 3040 ac
946 2967 1143 3040 sententias
1174 2965 1359 3040 librorum
1390 2991 1582 3040 sacrorum
1612 2983 1841 3062 excuterent,
1879 2995 2049 3048 neutras

477 3077 573 3149 vitae
597 3098 642 3145 ac
665 3065 815 3145 scholae
836 3065 1173 3140 accommodarent.
1222 3067 1307 3137 Hoc
1333 3089 1420 3139 vero
1441 3066 1493 3138 ita
1517 3079 1671 3164 egemnt
1692 3065 1766 3159 illi,
1792 3081 1833 3140 ut
1857 3093 1921 3141 eos
1942 3072 2048 3168 sequi

478 3172 587 3246 nobis
613 3195 684 3268 pro
708 3181 837 3240 nostra
863 3177 940 3238 arte
955 3162 1171 3262 theologica
1194 3161 1342 3261 longius
1366 3177 1541 3261 promota
1559 3165 1715 3238 omnino
1734 3168 1844 3240 nefas
1864 3166 1922 3240 sit.
1971 3169 2046 3240 Di-
2127 3213 2133 3224 ·

480 3271 614 3345 dinus
640 3269 681 3340 in
706 3263 1007 3364 interpretatione
1043 3263 1243 3359 Origenem
1275 3276 1432 3334 sectatus
1465 3276 1538 3353 est,
1579 3262 1646 3362 qui
1669 3264 1820 3362 primus
1852 3289 2045 3340 sacrorum

479 3297 664 3445 tritorum
688 3363 1030 3462 interpretationem
1053 3361 1093 3432 in
1117 3361 1279 3433 formam
1300 3359 1563 3457 artisredegit,
1589 3363 1659 3449 ita,
1684 3375 1726 3432 ut
1744 3361 1905 3460 singulas
1925 3364 2046 3436 inter·-

472 3463 652 3565 pretandi
682 3462 845 3535 rationes
874 3474 987 3558 atque
1020 3483 1149 3530 causas
1184 3455 1390 3556 colligeret,
1431 3457 1602 3532 collectas
1634 3459 1672 3530 in
1695 3485 1783 3532 eum
1806 3461 1938 3548 tinem,
1980 3463 2045 3559 qui

478 3578 595 3638 totam
627 3563 640 3635 i
688 3560 701 3633 i
731 3560 922 3633 confluere
946 3559 1048 3632 visus
1076 3569 1135 3630 cst
1167 3556 1507 3655 interpretationem
1530 3555 1800 3656 theologicam,
1836 3584 2047 3656 compone-

479 3677 603 3736 retae
628 3587 821 3758 diligeret,
860 3683 938 3756 quo
961 3654 1106 3826 plenius
1129 3681 1173 3730 ae
1191 3655 1414 3728 fructuosius
1437 3681 1482 3728 ex
1499 3681 1610 3730 sacro
1637 3656 1785 3748 codice,
1819 3657 1959 3754 quippe
1980 3657 2045 3754 qui
2103 3682 2108 3690 ·

482 3763 551 3836 ista
582 3771 700 3833 aetate
732 3771 832 3829 totus
858 3757 965 3854 singu
980 3755 1010 3827 is
1035 3755 1129 3827 adeo
1159 3754 1198 3827 in
1228 3751 1351 3828 verbis
1376 3753 1533 3831 verbum
1557 3754 1801 3854 spiritumque
1831 3755 1901 3825 Dei
1923 3768 2046 3827 acter-

481 3887 573 3932 nmn
605 3858 745 3956 spirare
776 3869 888 3972 atque
923 3850 1107 3927 occultare
1139 3851 1347 3944 videretur,
1389 3853 1559 3926 doctrina
1596 3849 1806 3924 Christiana
1840 3865 1877 3922 et
1908 3853 2045 3924 exstrui

478 3970 604 4057 posset
625 3969 662 4028 et
686 3953 835 4028 defendi
860 3966 898 4026 at
925 3979 970 4025 ue
994 3952 1043 4024 ad
1069 3952 1182 4026 uitam
1200 3946 1397 4022 hominum
1417 3949 1605 4049 applicari.
1661 3949 1759 4022 Huic
1779 3951 2045 4048 interpretandi

478 4057 605 4156 generi
630 4079 688 4127 ·ex
716 4079 790 4127 usu
819 4051 910 4128 seho
999 4047 1196 4122 Alexandr.
1229 4047 1396 4130 addictus
1433 4049 1618 4166 Didymus
1648 4043 1903 4146 theologicas,
1950 4073 2043 4148 quas

477 4157 623 4242 dicunt,
660 4177 789 4226 causas
814 4153 855 4224 in
887 4147 1189 4246 interpretatione
1219 4172 1382 4219 summas
1408 4162 1553 4244 posuit,
1593 4145 1633 4218 in
1663 4145 1780 4261 iisque
1807 4143 2042 4218 enucleandis

347 4275 350 4284 ’
478 4267 579 4326 totus
600 4263 658 4336 est
684 4275 770 4320 cum
794 4249 834 4319 in
864 4245 1138 4322 commentariis
1164 4245 1242 4316 suis
1267 4242 1460 4334 omnihus,
1492 4260 1572 4316 tum
1597 4241 1655 4318 vel
1680 4269 1837 4318 manme
1858 4244 1899 4322 in
1918 4245 2044 4322 Enar-

477 4352 620 4425 ratione
647 4344 898 4444 Epistularum
920 4341 1205 4418 Catholicarum.
1255 4341 1354 4414 llinc'
1376 4356 1541 4414 nostram
1570 4343 1872 4429 Enarrationem,
1908 4340 2045 4412 sicam

480 4476 523 4521 ex
550 4449 653 4521 istius
679 4444 759 4518 aevi
787 4467 890 4515 more
916 4443 1172 4532 aestimamus,
1194 4467 1324 4515 verum
1345 4442 1653 4514 commentarium
1677 4467 1776 4528 esse,
1805 4437 1909 4508 nullo
1927 4437 2043 4511 modo

480 4546 701 4646 negaverim.
763 4545 808 4616 ln
842 4567 916 4642 qua
940 4565 980 4612 re
1008 4565 1086 4611 non
1103 4565 1284 4637 possum,
1326 4539 1417 4637 quin
1431 4533 1937 4627 :Guoictrtoeomradioam
1979 4537 2044 4634 qui

1698 915 1780 990 'ius
1810 939 1899 990 sane
1927 918 2052 1016 expli-³
2172 931 2177 940 '
