4608 5460
898 543 1212 622 ..z-7...

40 815 44 820 .
166 733 169 741 ⁵
246 743 382 823 *verbo
416 765 492 816 non
521 739 719 831 odendit,”
742 735 818 810 boc
853 747 959 826 est,.,
977 735 1153 818 docendo.
1186 813 1190 820 ,
1218 732 1378 824 Quendo
1415 732 1514 806 enirn
1548 732 1597 802 ds
1617 723 1705 819 bis,
1751 751 1844 828 quae

268 844 407 940 agenda
439 842 525 916 suut
559 853 597 914 et
634 840 820 934 sapiends,
842 837 969 934 uliquis
994 837 1118 924 docet,
1148 835 1179 906 si
1215 832 1384 906 babuerit
1397 835 1599 907 ¹veritatem
1635 854 1762 938 sensus
1798 832 1845 904 ds

265 945 477 1036 hujusmodi
499 944 741 1031 rebus,3tunc
759 937 1006 1012 inoffensibile
1038 937 1150 1009 hebet
1175 935 1362 1026 uerbum..
1407 934 1494 1004 Non
1521 934 1623 1014 enim,
1640 932 1844 1026 putandum

266 1056 322 1114 est
346 1045 392 1114 de
414 1037 757 1139 peecato'prolniut
779 1039 984 1126 sermonis,
998 1037 1409 1134 quaesolnacismoset
1422 1031 1672 1105 ‚barbarismos
1697 1033 1844 1126 quidam

212 1153 214 1158 ’
264 1155 415 1232 vocant,
432 1199 436 1212 .
454 1143 553 1218 boec·
575 1142 821 1216 luisserdicta'.
867 1137 972 1210 ,Nisi
993 1139 1091 1210 forte
1126 1138 1207 1232 quis
1245 1135 1376 1216 dicam.-
1395 1132 1672 1209 inoffensibilern
1707 1132 1845 1204 bebere·

266 1267 449 1339 quemque
482 1237 573 1317 ¹roco
598 1262 842 1328 sermonem,
862 1239 1008 1332 quando
1044 1235 1401 1334 irreprehensibilem
1433 1243 1517 1304 eum
1529 1281 1541 1322 ,
1576 1243 1614 1302 et
1648 1234 1732 1319 sinef
1755 1233 1844 1318 vitio

263 1343 425 1438 profert,
449 1343 533 1414 licet
558 1342 694 1436 aliquid
716 1362 882 1429 venum,
902 1349 965 1416 aut
987 1338 1144 1425 risibile,
1183 1348 1247 1408 aut
1271 1335 1490 1424 injuriosum
1519 1334 1640 1404 dicere
1669 1331 1870 1430 rideatur,

264 1457 309 1514 eo
335 1445 434 1538 quod
461 1441 660 1514 secundum
686 1439 774 1528 artis
794 1435 957 1534 regulam
978 1428 1040 1516 si't'
1057 1438 1239 1536 loquutus.
1299 1433 1411 1524 Quod
1430 1455 1520 1507 vero
1545 1455 1621 1504 non
1646 1433 1725 1502 sine
1750 1455 1844 1530 ouon-¹

176 1545 178 1552 '
263 1543 481 1614 sirleratione
504 1543 677 1632 dicimus,
701 1549 819 1610 totum
843 1560 976 1632 eorpus
1001 1539 1111 1608 fuisse
1134 1548 1319 1635 sumptum
1347 1551 1416 1630 pro
1442 1533 1677 1627 passionibus
1693 1543 1729 1602 et
1750 1555 1845 1626 cpe-

263 1633 465 1712 rationibus
490 1644 593 1735 ejus,
617 1641 785 1727 adverte,
811 1640 910 1733 quod
933 1639 1108 1731 seriptum
1135 1649 1208 1708 est:
1245 1661 1279 1711 r.
1300 1648 1335 1718 5.
1359 1637 1513 1729 “lingua
1543 1637 1663 1720 enim,
1688 1633 1844 1702 comsit
1919 1685 1925 1698 .

263 1743 449 1811 modicum
473 1741 699 1830 membrum,
733 1749 770 1808 et
794 1737 1120 1830 magno.exultst.”
1171 1734 1355 1808 Accusans
1380 1757 1610 1822 sermonem,
1644 1756 1712 1826 pro
1738 1755 1783 1802 es
1806 1731 1846 1828 *)

261 1839 422 1936 linguam
448 1863 619 1912 accusare
644 1840 885 1932 dignoscitur,
913 1847 1099 1932 tamquam
1121 1847 1330 1932 ponentem,
1356 1835 1487 1918 et-alia
1506 1844 1600 1918 naua
1623 1834 1842 1928 loquentem.

263 1941 359 2014 Cum
376 1962 472 2014 ¹vero
495 1941 586 2010 haec
611 1940 657 2008 iu.
674 1940 743 2008 isto
769 1938 996 2033 corporeitas
1019 1938 1400 2034 sint,;conscquenter
1422 1945 1460 2008 et
1492 1936 1539 2008 de
1563 1935 1663 2006 omni
1688 1956 1843 2029 corpore

262 2041 349 2112 talia
370 2049 515 2134 oportet
537 2038 700 2136 intelligi.
795 2067 798 2074 ·
885 2097 903 2128 „,

376 2205 544 2282 CARIV,
567 2233 599 2284 v.
615 2219 650 2292 2.
666 2219 700 2294 3.
751 2207 860 2280 “Non
883 2205 1035 2300 habetis,
1061 2193 1214 2306 propter
1239 2209 1338 2306 quod
1360 2231 1436 2281 non
1457 2199 1656 2304 pos'tulntis.
1716 2203 1849 2275 Petitis
1982 2219 1990 2324 ’1
2024 2301 2028 2312 ⁸

263 2317 299 2377 et
322 2331 395 2378 non
416 2312 587 2405 accipitis,
613 2317 657 2380 eo
678 2307 776 2404 quod
796 2309 894 2379 male
913 2311 1054 2403 petatis,
1071 2320 1121 2382 'ut
1138 2313 1180 2407 in
1206 2311 1504 2406 concupiscentiis
1529 2308 1656 2384 vestris
1677 2307 1843 2376 insuma-

261 2409 383 2478 miui.'’
431 2413 526 2480 Cum
550 2434 637 2484 vera
661 2411 707 2480 sit
733 2410 909 2506 expositio
936 2409 1134 2484 salvatoris
1158 2411 1329 2481 dicentis:
1368 2412 1513 2504 “petite
1542 2417 1578 2478 et
1602 2407 1749 2477 dabitur
1768 2429 1843 2479 vo-

218 2587 223 2597 ,
261 2505 343 2576 bis”
359 2507 408 2602 ¹)':
433 2535 543 2608 quem
568 2512 677 2579 etiam
703 2495 791 2579 facit
813 2531 890 2577 esse
908 2509 1137 2598 credibilem,⁸
1155 2534 1239 2580 oum
1254 2510 1360 2580 diuiti
1379 2513 1403 2552 ‘¹
1413 2509 1530 2579 omnis
1546 2508 1608 2602 qui
1631 2507 1722 2600 petit
1739 2507 1842 2574 acci·

258 2607 405 2702 pit’'²),:
431 2617 607 2703 quaerere
628 2609 728 2701 libet,
747 2608 931 2700 quomodo
950 2609 1071 2700 aliqui,
1089 2615 1246 2699 orantes,
1265 2633 1341 2681 non
1360 2609 1567 2698 audiantur,
1593 2616 1634 2676 ut
1652 2605 1842 2700 accipiant,

259 2727 353 2800 quae
377 2709 513 2780 habere
538 2707 831 2800 postulaverunt,
858 2725 1056 2799 persuum
1082 2708 1305 2801 petitionem.
1355 2705 1415 2778 Ad
1438 2709 1529 2779 haec
1554 2705 1750 2777 dicendum
1776 2716 1843 2792 est,

260 2809 431 2898 quoniam
458 2809 520 2902 qui
542 2809 602 2881 via
627 2805 788 2901 cougrna
817 2807 864 2873 ad
888 2805 1146 2900 postulandum
1169 2809 1288 2898 venit,
1308 2807 1414 2878 -nihil
1442 2807 1652 2900 relinquens
1701 2825 1842 2893 eorum,
1891 2894 1895 2902 Ι

261 2927 355 2998 quae
392 2910 580 3002 pertinent
612 2908 658 2976 ad
677 2905 920 2999 'impetranda
970 2928 1064 2999 quae
1103 2907 1222 3000 cupit,
1260 2910 1385 2976 omnia
1425 2907 1600 3002 percipit,
1638 2926 1731 3000 quae
1772 2904 1867 2990 sibi,

260 3005 340 3074 dari
364 3009 516 3102 rogavit.
566 3005 606 3075 Si
640 3007 719 3100 quis
735 2996 865 3073 'autem
893 3016 997 3074 extra
1022 3006 1262 3075 intentionem
1292 3007 1448 3076 traditae
1477 3007 1664 3100 petitionis
1690 3027 1841 3099 poscere
1912 3015 1916 3024 '

259 3105 448 3193 rideatur,
483 3107 551 3177 iste
580 3126 699 3199 neque
732 3113 858 3198 petere
889 3105 1002 3174 modo
1031 3103 1157 3176 ‘debito
1183 3104 1365 3196 creditur,
1393 3117 1435 3176 et
1465 3105 1550 3176 ideo
1573 3125 1650 3175 non
1674 3103 1840 3200 percipit,

260 3207 357 3297 qnod
382 3209 485 3300 petit.
536 3205 676 3279 Nonne
695 3204 846 3291 fulsum,
873 3205 971 3297 quod
997 3203 1237 3276 dictumest:
1270 3208 1419 3278 “omnis
1445 3207 1507 3303 qui
1534 3205 1626 3299 petit
1651 3199 1841 3299 accipit?”

259 3303 355 3376 Nam
381 3329 465 3378 cum
488 3301 617 3377 doctor
640 3305 752 3374 dleet:
770 3305 914 3392 enims,
944 3303 1017 3397 q'ul'*
1031 3298 1168 3375 nc'cedit
1195 3307 1242 3387 ad
1265 3327 1326 3375 me
1344 3325 1455 3378 riusa
1481 3305 1743 3395 doctrinarum,
1766 3305 1841 3375 lin-'-

259 3402 360 3475 bebit
381 3407 586 3500 disciplinas
611 3426 758 3496 eurum3
787 3405 979 3474 ‘moenere
1003 3405 1050 3474 sd
1081 3405 1287 3496 doctorem,
1322 3409 1369 3478 de
1399 3407 1509 3478 rebus
1540 3406 1627 3500 ipsis
1647 3404 1706 3496 **)
1736 3407 1840 3476 acci·
1894 3484 1896 3490 ¹
1994 3401 1997 3408 ’

259 3505 433 3595 piendum
468 3517 539 3594 est,
571 3507 642 3574 hoc
667 3515 733 3594 est,
747 3500 800 3574 ub
820 3505 928 3573 etiam
961 3505 1179 3576 desiderium
1204 3506 1338 3577 habent
1360 3507 1632 3596 doctrinarum,
1656 3513 1699 3576 ut
1729 3527 1839 3576 exer-

259 3616 339 3679 cent
366 3616 403 3674 et
430 3607 625 3676 meditetur
649 3627 728 3694 eas,
753 3613 789 3673 et
813 3627 956 3674 summa
984 3607 1185 3677 intentione
1209 3608 1377 3702 respiciat
1403 3632 1473 3698 ea,
1499 3629 1592 3700 quae
1619 3629 1641 3678 a
1665 3607 1838 3700 magistro
1860 3621 1864 3630 ’
1930 3657 1936 3671 .

260 3703 448 3793 dicuntur,
473 3717 509 3777 et
531 3715 699 3774 naturum
725 3705 858 3774 habent
884 3703 1029 3776 bonam.
1082 3707 1336 3778 Indubitanter
1367 3709 1464 3777 enim
1493 3705 1704 3798 hujusmodi
1727 3707 1839 3776 lrcrno

258 3802 436 3898 percipiet
467 3805 715 3898 disciplinam,
738 3828 849 3899 quam
877 3806 1049 3898 magister
1080 3808 1166 3877 dare
1190 3807 1367 3901 promisit.
1418 3807 1459 3878 si
1490 3805 1570 3899 quis
1599 3806 1690 3876 alius
1710 3827 1840 3878 acces-

259 3905 349 3974 serit
373 3905 420 3975 ed
454 3907 657 3994 doctorem,
694 3927 770 3974 non
813 3900 968 3994 iaciens,
1013 3929 1105 4000 quae
1131 3907 1318 4001 praedicte
1348 3917 1452 3998 sunt,
1483 3907 1548 3976 sed
1583 3907 1837 3977 tantummodo

260 4012 301 4071 ut
323 4005 488 4077 rideatur
510 4005 555 4074 ab
576 4029 632 4092 eo,
653 4015 689 4074 et
709 4005 830 4078 videat
851 4027 947 4093 eum,
972 4005 1097 4077 volens
1117 4007 1246 4078 falsam
1272 4007 1394 4078 fucere
1411 4007 1689 4101 promissionem¹
1708 4008 1856 4077 docto·-

257 4103 327 4184 πίε,
354 4105 547 4192 dicendum
576 4117 629 4174 est
656 4106 707 4174 ei:
733 4128 808 4174 non
832 4107 1008 4174 accessisti
1033 4109 1081 4177 ad
1110 4131 1213 4196 eum,
1240 4109 1332 4178 sicut
1358 4107 1541 4192 invitavit,
1566 4108 1630 4177 sed
1652 4107 1774 4199 aliter,
1800 4120 1838 4180 et
1883 4141 1889 4148 ·

258 4207 512 4275 tautummodo
538 4205 584 4274 nd
611 4201 809 4278 videndum
832 4227 927 4278 eum.
976 4205 1205 4300 Apertiorem
1234 4210 1331 4279 enim
1356 4208 1492 4278 faciens
1517 4208 1673 4300 scriptor
1697 4210 1836 4302 episto-

256 4301 353 4396 lam,
386 4306 510 4400 etqui
539 4315 664 4400 petere
695 4307 899 4396 videantur,
933 4328 1000 4378 nec
1031 4309 1226 4403 accipiant,
1262 4308 1511 4382 indubitanter
1547 4299 1642 4380 r'nale
1673 4319 1837 4405 petentes

319 4507 354 4586 *)
375 4503 584 4575 scribendum
614 4509 763 4576 ridetur:
788 4529 858 4609 pro
882 4531 932 4580 eo.

318 4592 369 4672 **)
390 4586 579 4658 Gallandius
601 4597 756 4680 conjecit:
787 4615 910 4681 ipsius.
951 4587 1025 4660 Non
1043 4597 1275 4664 neeesssrium.

324 4679 347 4733 r)
362 4675 455 4726 Mettis
475 4677 530 4732 vu,
545 4687 570 4736 7.
682 4684 707 4737 s)
725 4676 790 4724 ibin.
810 4693 836 4728 r·
849 4683 872 4729 t.
