4608 5460
254 619 266 690 i
295 615 366 688 'tur
400 608 549 712 oportet
581 601 737 709 intelligi
774 609 1072 684 contrarietatem
1108 611 1182 683 boc
1209 614 1323 684 verbo
1362 605 1563 708 significari
1598 617 1826 678 naturarum.

290 739 350 786 am
387 715 418 786 si
453 710 657 784 secundum
675 711 789 783 videm
824 705 1011 781 arnobio
1041 710 1211 800 luerunt,
1248 709 1305 784 vel
1337 735 1417 781 non
1444 709 1613 794 suerunt,
1638 701 1829 800 oppositio

254 811 334 908 jore
358 824 599 884 monstratur.
650 810 749 901 Quia
774 831 863 882 vero
882 806 1091 879 secundum
1113 806 1213 880 aliud
1246 809 1338 906 quid
1362 835 1407 880 ex
1433 804 1544 878 nobis
1572 816 1679 892 sunt,
1718 825 1832 874 acce-1

256 913 384 983 (lentes
407 909 455 983 ad
477 909 550 982 scri
618 933 698 982 ram
717 905 894 980 divinitus
917 905 1156 1002 inspiratam,
1194 907 1398 978 secundum
1432 904 1537 978 aliud
1564 927 1655 979 vcro
1680 926 1758 972 non
1783 925 1829 977 cx

255 1009 504 1098 nobissunt,¹
575 1009 653 1080 ium
678 1018 830 1104 praeter⁴
844 1015 1014 1075 nostrum
1040 1000 1220 1078 habentes
1246 1031 1416 1096 sensum,
1453 1003 1576 1102 palam
1611 1013 1666 1074 est
1684 1025 1749 1076 ex,
1769 1025 1831 1088 eo,

165 1139 166 1144 ¹
255 1109 360 1206 qood
382 1119 613 1206 unguentum
633 1104 794 1177 habeant
814 1127 836 1173 a
857 1113 987 1173 sancto
1015 1099 1074 1192 hi,
1101 1103 1280 1202 aquibus
1306 1097 1665 1190 recesserunt'mali,
1687 1112 1728 1172 ut
1751 1097 1829 1168 sci-

254 1221 319 1280 ant
340 1207 468 1278 omnia
485 1204 660 1304 dogmata
678 1199 850 1274 ecclesiae
864 1212 966 1272 recta
982 1199 1189 1298 complecti.
1242 1206 1484 1302 Consequens
1503 1214 1558 1272 est
1574 1198 1690 1288 enim,
1712 1196 1830 1294 quod,

256 1309 321 1404 qui
360 1305 582 1402 semetipsos
619 1299 775 1398 collegio
817 1297 985 1372 bdelium
1024 1316 1280 1399 segregarunt,
1316 1299 1520 1374 antichristi
1558 1309 1654 1370 sunt.
1700 1297 1830 1386 'Quo-

254 1404 371 1476 modo
397 1403 496 1475 enim
524 1427 604 1474 non
635 1411 723 1472 sunt
747 1396 973 1490 antichristi,
1013 1401 1077 1497 qui
1096 1399 1297 1475 ‘contraria
1329 1401 1509 1500 sapiunt,¹
1538 1421 1652 1497 quarn
1689 1391 1830 1468 Christi

254 1503 451 1575 confitetur
476 1497 658 1572 ecclesia?
709 1525 712 1546 ³
1116 1525 1121 1532 ·
1207 1533 1211 1544 ·

367 1615 494 1712 Vs29.
545 1615 611 1689 “Si
638 1613 755 1706 scitis,
783 1613 960 1715 quoniam
979 1613 1105 1710 'justus
1135 1613 1208 1711 est,
1242 1619 1389 1709 scitote,
1414 1615 1594 1717 quoniam
1622 1626 1660 1686 et
1690 1609 1829 1700 omnis,
1879 1650 1883 1658 ι

256 1718 320 1817 qui
346 1717 432 1789 facit
456 1715 652 1812 justitiam,
681 1739 725 1786 ex
746 1739 793 1787 eo
816 1721 925 1787 natus
951 1725 1042 1788 est.”
1152 1723 1157 1732 '
1819 1741 1827 1748 ·

251 1841 299 1926 ‘O
332 1833 549 1944 laertiade,
607 1845 737 1966 φησιν,
785 1844 1019 1965 inseruerun-
1062 1840 1137 1935 Qui
1159 1839 1477 1958 disciplinabiliter
1498 1837 1757 1916 animadvertit
1783 1833 1829 1905 de

251 1950 324 2026 uois
345 1939 429 2046 περὶ
453 1943 568 2027 θεοῦ,
589 1971 636 2024 ως
659 1935 761 2022 ὄντος
784 1934 874 2021 κατ’
894 1943 1019 2023 ουσίαν
1061 1943 1175 2032 Deo„
1203 1969 1267 2056 qur
1298 1939 1585 2014 substantialiter
1614 1936 1734 2036 justus
1763 1947 1830 2023 est,

253 2037 395 2124 δικαίου
405 2096 420 2134 ,,
469 2037 616 2128 εὐθέως
654 2045 790 2136 ’γνῶσιν
831 2036 926 2140 ἕξει,
972 2037 1019 2123 sis
1061 2067 1151 2112 mox
1172 2053 1251 2129 scit,
1277 2041 1458 2138 quoniam
1484 2067 1527 2113 ex
1550 2065 1595 2114 eo
1622 2045 1831 2138 generatur,

250 2149 436 2239 γεννᾶται
458 2145 503 2222 ὲκ
528 2136 679 2228 τούτου,
703 2135 722 2223 ὅ
744 2137 815 2238 τήν
837 2131 1019 2224 loooori·
1062 2139 1128 2240 qni
1154 2137 1330 2235 instillant
1353 2137 1431 2235 ejus
1455 2139 1561 2212 facit:

251 2273 315 2338 νην
341 2237 613 2330 arietinorum,

257 2368 351 2439 sicut
375 2365 428 2454 is,
453 2366 518 2461 qui
539 2363 608 2434 scit
632 2387 719 2434 eum
740 2376 922 2454 sanctum,
945 2363 1065 2460 magis
1087 2375 1212 2436 autem
1237 2363 1525 2441 sanctimonium
1546 2363 1729 2452 exsistere,
1753 2371 1835 2432 tra-

255 2464 310 2536 dit
331 2463 569 2559 semetipsum
593 2472 636 2532 ut
658 2459 923 2552 sanctificetur,
949 2473 1046 2533 certe
1072 2461 1193 2536 sciens
1216 2460 1329 2554 illud,
1356 2465 1460 2561 quod
1484 2466 1552 2537 ait:
1586 2461 1728 2538 “sancti
1753 2456 1830 2530 eri-

254 2563 323 2654 tis,
350 2561 530 2660 quoniam
551 2583 623 2656 ego
647 2571 796 2631 sanutus
816 2569 936 2631 sum.”
986 2561 1086 2632 Bene
1109 2573 1233 2636 autem
1259 2559 1497 2652 dictumest,
1522 2559 1716 2659 quiiacit,
1748 2570 1830 2628 non

256 2661 354 2732 enirn
381 2659 489 2732 dixit:
515 2658 580 2755 qui
604 2657 710 2747 feeit,
736 2654 810 2729 vel:
847 2659 917 2756 qui
935 2662 1099 2730 facturus
1123 2656 1312 2753 justitiam.
1372 2662 1600 2758 Operantem
1632 2655 1731 2730 enim
1765 2651 1829 2749 ju-

254 2758 390 2832 stitiam
416 2755 653 2830 commendat
677 2756 814 2846 virtus,
848 2780 933 2828 cum
960 2757 1008 2831 sit
1029 2755 1167 2830 scilieet
1188 2757 1351 2832 actualis.
1411 2757 1545 2832 Nullus
1576 2755 1700 2854 itaque
1722 2765 1830 2826 ante-

257 2883 369 2956 quam
406 2857 534 2947 iaciat,
566 2879 662 2953 quae
690 2854 834 2928 uirtutis
867 2869 975 2946 sunt,
1005 2855 1127 2950 justus
1152 2871 1225 2950 est,
1263 2858 1328 2930 sed
1361 2883 1408 2930 ne
1463 2856 1600 2930 edum
1636 2850 1831 2928 cessaverit

259 2955 406 3054 operari
433 2979 526 3038 cam.
579 2953 692 3045 Quod
711 2978 802 3026 vero
820 2954 1055 3050 Deus'justus
1082 2970 1155 3046 est,
1174 2955 1227 3027 -ex
1241 2955 1366 3038 multis
1383 2883 1480 3032 vidit
1496 2955 1658 3054 agnosci.
1710 2953 1828 3044 Moy-

253 3081 309 3126 ses
337 3055 454 3143 enirn,
479 3062 652 3124 “sanctus
677 3051 830 3150 (inquit)
854 3065 890 3124 et
914 3051 1054 3147 justus”
1079 3055 1275 3129 Dominus.
1327 3058 1430 3129 Sicut
1450 3070 1485 3128 et
1503 3081 1570 3154 per
1594 3051 1828 3126 Psalmistam

254 3153 407 3226 dicitur:
434 3153 583 3224 “Iustus
608 3152 794 3224 Dominus
819 3163 856 3223 et
880 3151 1056 3246 justitiam
1080 3150 1255 3225 dilexit’s
1288 3155 1362 3226 Iste
1386 3155 1422 3251 *)
1446 3155 1536 3227 item
1561 3155 1673 3224 Pater
1696 3149 1828 3224 Salva-

249 3251 353 3322 toris.
390 3251 488 3322 Dicit
509 3251 608 3322 eriirn
625 3250 672 3322 ad
688 3251 829 3322 Deum:
857 3253 992 3322 “Pater
1011 3247 1116 3346 juste,
1140 3252 1305 3325 mundus
1322 3265 1358 3324 te
1374 3277 1454 3326 non
1467 3251 1679 3352 cognorit.''
1731 3251 1828 3321 Curn

255 3375 345 3447 ergo
362 3346 485 3453 (hujus
518 3349 566 3422 sit
597 3347 716 3436 lilius,
748 3359 941 3448 tamquam
963 3351 1065 3422 Deus
1085 3375 1135 3422 ex
1153 3351 1255 3441 Deo,
1294 3364 1331 3422 et
1355 3365 1503 3424 sancms
1524 3378 1569 3424 ex
1592 3354 1739 3439 sancto,
1776 3347 1828 3418 ita

257 3460 372 3520 estet
396 3446 516 3542 justus
537 3473 580 3518 ex
605 3445 715 3542 justo.
765 3449 845 3520 Nec
870 3463 1052 3546 repugnat
1076 3445 1135 3522 his
1160 3447 1302 3540 verbis,
1328 3451 1433 3549 quod
1459 3451 1612 3548 dieitur,
1638 3475 1723 3522 eum
1748 3469 1828 3518 esse

253 3544 441 3641 justitiam.
492 3547 592 3637 Quia
616 3546 715 3618 enim
736 3570 805 3644 per
826 3543 1086 3638 substantiam,
1111 3545 1185 3621 hoc
1208 3561 1281 3640 est,
1308 3549 1537 3624 dicitas-osse
1562 3547 1700 3644 justitia
1716 3537 1827 3620 simul

257 3659 294 3714 et
314 3645 452 3755 justus,
477 3643 630 3742 quando
653 3644 704 3733 is,
726 3646 795 3742 qui
819 3669 888 3742 per
913 3647 1234 3762 participationem
1259 3647 1376 3744 justus
1399 3663 1473 3738 est,
1493 3674 1705 3747 numquam
1730 3671 1826 3742 pro-

255 3744 336 3840 prie
359 3743 496 3834 Justitia
518 3754 777 3912 nuncuqatur,
812 3742 885 3816 nisi
917 3746 1014 3816 sorte
1043 3771 1165 3844 ipsum
1187 3743 1380 3839 habitum,
1410 3773 1483 3846 pro
1513 3773 1582 3838 eo,
1616 3747 1680 3845 qui
1698 3739 1825 3814 habet

255 3865 362 3931 eum,
398 3837 555 3938 quilibet
584 3842 660 3913 inte
676 3839 773 3938 ligat
837 3844 926 3934 Quo
956 3841 1073 3918 'verbo
1105 3844 1213 3918 etiam
1246 3845 1437 3945 apostolus
1469 3872 1558 3918 usus
1588 3859 1660 3934 est,
1698 3843 1825 3914 dicens

204 3999 213 4012 .
253 3937 381 4012 fideles
405 3925 486 4012 fieii
508 3939 552 4012 in
576 3935 724 4016 Christo
749 3938 942 4035 justitiam:
975 3943 1099 4016 “Eum
1128 3945 1277 4043 (inquit)
1303 3947 1367 4044 qui
1389 3958 1581 4044 peecatum
1606 3968 1686 4016 non
1707 3939 1825 4031 norit,

250 4051 447 4136 peecatum
470 4065 542 4137 pro
562 4035 673 4114 nobis
697 4041 803 4134 fecit,
827 4053 870 4112 ut
892 4066 964 4116 nos
987 4066 1149 4118 essemus
1170 4042 1308 4140 justitia
1332 4046 1401 4122 Dei
1426 4044 1466 4116 in
1490 4053 1569 4116 eo.”

368 4191 463 4265 CAP.
481 4193 547 4264 Ill.
573 4221 606 4265 v.
625 4209 659 4276 2.
711 4189 973 4284 “Charissimi,
996 4220 1098 4268 nunc
1122 4195 1189 4270 filii
1213 4197 1282 4272 Dei
1309 4199 1457 4289 sumus,
1483 4212 1518 4270 et
1542 4195 1712 4271 nondum
1738 4219 1824 4268 ma-

251 4291 463 4432 nifestatum
478 4305 555 4460 test,
582 4290 685 4389 quod
707 4317 844 4382 sumus.
886 4294 1032 4380 Scimus
1050 4297 1242 4393 quoniam,
1270 4324 1352 4370 cum
1375 4297 1606 4400 apparuerit,
1634 4293 1768 4392 similes
1789 4292 1833 4390 ei

252 4416 408 4482 erimus,
457 4415 524 4461 ec.

312 4571 346 4654 ⁸)
368 4567 498 4635 Iustus.
540 4573 589 4638 Ita
610 4571 794 4640 Gallandius
816 4576 959 4659 conjecit.
1001 4575 1112 4644 Recte.

1071 4869 1100 4922 ἢ
1134 4923 1145 4934 .
