4608 5460
876 449 1216 556 ...Q-...-

266 661 510 742 orthodoxiae
536 653 799 732 ecclesiasticae
823 668 1003 753 patronos
1025 668 1178 754 propter
1202 682 1282 729 uon
1302 653 1443 748 nullas,
1475 680 1567 756 quas
1589 655 1734 756 scriptis
1759 655 1835 730 suis

265 763 503 852 declarasset,
536 757 730 866 opiniones
757 752 999 851 origenianas
1019 752 1115 843 male
1137 755 1301 846 audiret,
1335 756 1374 827 in
1398 755 1538 828 crimen
1565 768 1715 829 vocatus
1741 751 1834 828 hae-

264 886 398 937 reseos.
457 855 540 958 lpse
564 854 659 928 adeo
682 854 955 951 Hieronymus,
991 852 1162 949 quamvis
1184 853 1337 952 Didymi
1361 851 1451 926 olim
1473 852 1623 926 auditor
1645 867 1681 924 et
1711 851 1833 926 admi-

253 974 392 1056 rator,
415 957 490 1029 imo
516 955 676 1043 amicus,
712 950 863 1048 ejusque
889 949 989 1048 apud
1015 949 1170 1024 Latinos
1195 951 1396 1048 interpres,
1420 964 1564 1041 tamen,
1590 975 1707 1050 quum
1728 973 1834 1024 suam

267 1056 512 1132 orthodoxiae
533 1053 670 1124 samam
692 1048 868 1124 adversus
893 1049 1072 1120 Rufinum
1105 1047 1375 1166 periclitantem
1400 1049 1559 1140 videret,
1596 1047 1727 1120 maluit
1750 1074 1834 1122 ma-

266 1158 369 1257 gistri
405 1155 543 1225 famam
573 1147 751 1222 hactenus
781 1147 956 1220 intactam
996 1146 1035 1217 in
1077 1145 1285 1219 dascrimen·
1310 1147 1548 1220 committere
1575 1143 1646 1218 sibi
1680 1149 1835 1238 cantior,

268 1281 382 1356 quarn
410 1249 628 1338 defendere,
665 1241 742 1317 imo
774 1245 918 1342 primus
943 1243 1003 1317 ille
1032 1241 1155 1342 coepit
1179 1244 1344 1340 ejusdem
1371 1246 1569 1346 opiniones
1591 1244 1835 1341 origenianas

266 1354 460 1452 exagitare.
509 1344 729 1444 Hieronymi
753 1367 847 1417 'vero
878 1343 1077 1415 auctoritas
1110 1344 1366 1441 quantumin
1396 1342 1633 1416 aestimandis
1664 1341 1836 1415 ecclesiae

266 1446 482 1526 doctoribus
515 1443 631 1542 apud,
652 1443 875 1541 suspiciosas
908 1443 1013 1516 istius
1044 1443 1171 1514 aetatis
1203 1467 1311 1516 aures
1343 1440 1526 1533 valuerit,
1562 1441 1681 1514 nescit
1712 1447 1854 1513 neruo.¹

267 1552 441 1628 Attamen
475 1539 704 1640 aliquamdiu
739 1536 1060 1616 criminationibus
1092 1535 1249 1615 subinde
1281 1539 1420 1616 iteratis
1451 1539 1584 1612 restitit
1616 1537 1735 1637 gloria
1762 1539 1834 1610 Di-

268 1647 390 1763 dymi,
415 1654 636 1737 'nomenque
661 1652 814 1737 propter
836 1639 1009 1736 pietatem
1038 1639 1115 1710 {ere
1139 1652 1317 1712 sanctum.
1377 1639 1581 1736 Postquam
1607 1661 1695 1712 vero
1721 1635 1843 1710 lasti-2

267 1769 401 1820 manus
436 1741 658 1834 Imperator,
698 1736 900 1810 acerrimus
940 1737 1007 1810 iste
1040 1733 1284 1809 orthodoxiae
1317 1733 1581 1810 ecclesiasticae
1612 1733 1671 1809 rel
1708 1734 1835 1833 potius

265 1841 405 1918 aulicae
424 1836 571 1929 vindex,
595 1833 719 1906 litibus
736 1834 968 1932 Origeniaois
982 1848 1071 1906 tuuc
1092 1834 1270 1932 temporis
1294 1830 1549 1932 miserabiliter
1570 1831 1837 1930 redintegratis,

265 1944 308 2017 iu
331 1941 476 2014 famosa
504 1933 567 2006 illa
592 1929 747 2031 epistola
778 1933 826 2006 ad
845 1935 1024 2005 Mennam
1049 1930 1371 2032 archiepiscopum
1396 1929 1718 2029 Constantinopol.
1751 1930 1837 2004 data

266 2041 444 2115 adversus
475 2031 665 2130 “impium
690 2030 888 2128 Origenem
922 2029 1075 2128 ejusque
1106 2044 1303 2106 sectatores
1312 2041 1334 2074 ”
1364 2053 1468 2104 arma
1500 2041 1692 2130 coeperat,
1727 2028 1836 2102 etiarn

265 2135 450 2236 Didymus
474 2143 600 2202 noster
622 2129 662 2202 in
685 2127 831 2227 synodo
857 2118 1055 2228 s'vdrrpov'cp
1081 2128 1319 2226 Imperatoris
1341 2124 1445 2224 jussu
1470 2143 1597 2202 coacta
1620 2141 1729 2220 544,
1761 2125 1837 2200 sci·-

266 2233 353 2312 licet
376 2232 579 2306 zelatorum
603 2252 709 2298 more
730 2223 992 2322 blasphemiis,
1023 2252 1118 2324 quae
1141 2221 1370 2325 putabantur
1396 2228 1709 2325 origenistarum,
1746 2217 1838 2297 exa-2
1879 2267 1882 2276 .

265 2330 388 2430 gitatis
413 2327 531 2423 magis
560 2349 672 2421 quam
693 2324 927 2412 examinatis,
960 2351 1045 2396 eum
1067 2322 1147 2396 aliis
1172 2322 1283 2398 honis
1309 2326 1407 2402 viris·
1424 2321 1656 2399 anathemate
1682 2320 1849 2424 publico*

267 2445 303 2504 ct
338 2421 581 2501 ecclesiastico
614 2415 804 2516 perculsus
836 2429 900 2489 est.
972 2421 1095 2508 Quam
1135 2424 1367 2494 temerariam
1409 2422 1702 2521 Origenistanrm
1742 2447 1838 2494 con-

268 2522 544 2602 demnationem
562 2543 678 2616 quum
697 2513 872 2612 deinceps
885 2517 1114 2612 repetiissent
1133 2541 1176 2590 ac
1192 2517 1296 2616 quasi
1310 2533 1526 2617 perpetuam
1544 2521 1716 2605 fecissent
1729 2520 1840 2592 Mar-
1857 2549 1861 2555 ·
1987 2615 1993 2628 Ι

266 2627 367 2702 tinus
389 2619 555 2721 pontifex
578 2617 620 2686 iu
644 2611 790 2712 syuodo
816 2615 1054 2688 Lateranensi
1073 2619 1180 2706 649„
1214 2617 1380 2714 synodus
1410 2616 1838 2709 Quiniserta„Nicaena

267 2723 427 2820 denique
453 2711 614 2792 secunda
638 2709 895 2800 oecumenica,
933 2709 1170 2806 factumest,
1204 2726 1247 2787 ut
1272 2715 1435 2811 gloriosa
1459 2713 1551 2788 olim
1575 2715 1729 2816 Didymi
1751 2741 1838 2788 rne-

270 2821 392 2896 moria
424 2813 525 2918 apud
557 2813 723 2886 Graecos
754 2808 795 2882 in
827 2805 1055 2885 oblivionem
1086 2811 1251 2902 veniret,
1297 2810 1448 2913 ejusque
1485 2814 1623 2912 scripta
1655 2812 1838 2912 imprimis

270 2945 360 2996 vero
394 2945 457 3008 ea,
493 2937 599 3010 quae
620 2905 897 3004 Origenismum
920 2931 1009 3004 prae
1034 2908 1185 2982 caeteris
1210 2908 1377 2984 redolere
1399 2913 1478 2986 visa
1502 2913 1673 3002 fuissent,
1716 2910 1870 3011 primo·

273 3023 615 3097 contemnerentur,
645 3003 779 3078 deinde
804 3017 989 3076 contemta
1009 3007 1200 3080 interirent
1222 3005 1308 3088 fere¹
1324 3007 1462 3082 omnia.
1518 3009 1616 3082 Hinc
1644 3035 1691 3082 ue
1723 3008 1840 3082 mire·

272 3119 344 3207 ris,
381 3111 577 3196 Photium,
610 3103 674 3220 qui
704 3115 830 3174 tamen
864 3100 923 3204 yel
961 3101 1230 3178 haereticorum
1267 3108 1404 3222 scripta
1444 3103 1637 3204 diligenter
1672 3118 1839 3180 excutere

273 3211 455 3300 sustinuit,
471 3230 518 3280 ue
529 3201 693 3276 nominis
707 3199 858 3314 quidem
873 3199 1088 3300 Didymiani
1100 3202 1219 3274 nostri
1232 3219 1458 3278 mentionem
1474 3206 1602 3278 secisse
1618 3229 1784 3304 unquam
1801 3205 1840 3276 iu

271 3307 511 3384 Bibliotheca.
560 3303 844 3374 Enarratronem
875 3321 963 3370 vero
993 3313 1160 3372 nostram
1189 3299 1229 3372 in
1254 3301 1312 3399 Ep
1342 3358 1350 3374 .
1377 3303 1484 3376 Cath.
1509 3304 1642 3402 quinto
1670 3318 1706 3377 et
1735 3317 1839 3377 sexto

274 3408 420 3487 saeculo
440 3407 480 3478 in
493 3415 651 3500 utraque
675 3394 823 3468 ecclesia
849 3419 920 3494 pro
945 3397 1097 3468 nornine
1114 3398 1274 3470 auctoris
1290 3329 1379 3472 olim
1395 3399 1684 3476 celebratissimo
1706 3427 1840 3502 parum

274 3509 460 3608 cognitam
487 3515 595 3598 atque
622 3497 662 3568 in
693 3519 764 3566 usu
788 3494 920 3585 fixisse,
957 3509 1102 3662 praeter
1126 3493 1251 3569 locum
1279 3499 1494 3573 Cassiodori
1522 3497 1736 3592 laudatum,
1774 3499 1839 3598 qui

273 3609 313 3682 id
334 3619 458 3705 aperte
490 3596 669 3681 declarat,
703 3592 907 3688 significare
935 3593 1060 3690 aiquo
1089 3593 1207 3666 modo
1238 3595 1384 3670 videtur
1410 3600 1567 3673 Cosmas
1595 3592 1839 3698 Indicopleu·

275 3721 346 3778 stes
363 3705 400 3800 *)
422 3725 488 3791 eo,
514 3693 618 3794 quod
643 3693 859 3788 interpretes
882 3687 1009 3761 libror.
1040 3716 1230 3765 sacrorum
1257 3695 1421 3768 Graecos
1444 3695 1643 3770 catholicas
1665 3693 1839 3796 epistolas

271 3828 405 3903 parum
431 3811 495 3872 aut
516 3790 612 3866 nihil
642 3813 789 3861 curasse
814 3787 989 3886 queritur.
1050 3789 1117 3862 Est
1141 3804 1265 3864 tamen
1287 3791 1380 3866 haec
1407 3796 1606 3868 Enarratio
1630 3821 1702 3867 una
1727 3793 1837 3868 nobis

274 3897 323 3974 ab
345 3896 480 3994 injuria
505 3888 705 3966 oblivionis
731 3901 887 3974 asserta,
913 3886 1038 3961 nescio
1062 3901 1186 3962 tamen
1207 3915 1255 3963 an
1281 3891 1435 3991 integra.
1492 3894 1550 3966 Ac
1571 3917 1659 3966 saue
1682 3887 1839 3966 debetur

273 3997 348 4094 hoc
380 4021 464 4068 cum
490 3984 704 4068 Cassiodori
735 3982 957 4058 celebriores
988 3983 1241 4084 Epistolarurn
1272 3987 1547 4065 Catholicarum
1581 3989 1838 4090 explanatores

277 4098 416 4170 frustra
445 4086 674 4190 anquirentis
706 4083 855 4181 inopiae
886 4079 1099 4252 judiciorpre
1123 4085 1164 4157 in
1186 4087 1687 4163 odorandis·haereticorurn
1712 4087 1837 4162 sordi-

274 4199 345 4266 bus
373 4215 507 4292 parum
531 4199 683 4275 nasuto,
718 4197 797 4254 tum
824 4205 921 4253 vero*
947 4177 1044 4279 Epip
1074 4179 1147 4254 anii
1174 4185 1298 4256 Latini
1326 4183 1702 4301 interpretisscripta
1735 4203 1837 4264 vete-⁴

271 4317 357 4368 rum
377 4283 607 4362 emaculandi
631 4282 700 4354 arti
722 4278 861 4356 scilicet
884 4279 923 4352 in
948 4275 1019 4352 hac
1040 4305 1116 4354 una
1141 4307 1182 4356 re
1203 4281 1313 4356 nobis
1338 4280 1578 4360 felicissimae.

314 4619 345 4700 *)
366 4611 604 4703 Typographia
621 4613 744 4680 Christ.
772 4611 827 4686 lit.
841 4613 922 4683 vlt.
947 4627 1066 4705 pm.
1149 4553 1152 4558 Ι
