4608 5460
992 484 996 494 .
1088 423 1182 498 ‚-·-
1239 387 1305 488 16
1356 351 1473 498 '·-·,

598 587 745 674 Perea,
771 609 865 684 quae
887 580 1034 672 scribit,
1062 582 1192 655 excitat
1212 581 1421 674 auditores,
1445 583 1721 682 ut'agnoscant,
1749 591 1876 690 quales
1902 623 1945 669 ex
1970 603 2052 674 Deo

484 686 558 760 sint
581 684 687 773 sacti,
714 683 858 755 dicens:
886 709 910 753 0
933 681 1131 754 confideles
1156 685 1295 775 nostri,
1322 685 1424 782 digni
1445 685 1656 760 exsistentes
1681 705 1722 762 ut
1748 692 1963 790 diligamini,
1989 701 2054 774 filii

486 785 557 858 Dei
578 808 726 872 sumus,
754 781 828 876 jam
853 807 877 853 a
903 781 1085 877 praesenti
1111 779 1275 856 saeculo:
1310 783 1414 880 quod
1439 781 1625 856 saeurlum
1650 786 1850 884 significat,
1884 801 2053 894 eoquod

487 909 587 958 nunc
608 879 698 954 tales
726 881 860 968 simus,
887 879 977 952 dum
1003 893 1146 952 constat
1173 881 1211 954 in
1235 879 1365 973 nobis,
1398 883 1506 954 sicuti
1531 881 1708 981 possibile
1733 890 1847 962 estin
1872 899 2056 990 praesenti

487 986 583 1072 vita,
608 979 770 1052 liliorum
797 978 962 1078 adoptio.
1013 979 1116 1051 Sicut
1138 979 1236 1052 enim
1264 1006 1307 1051 ex
1330 995 1433 1078 parte
1458 982 1734 1080 cognoscimus,
1761 999 1797 1058 et
1819 989 1947 1064 arrhas
1972 998 2055 1093 spi·-

486 1084 578 1156 ritus
600 1103 701 1150 nunc
720 1074 922 1170 hahemus,
946 1078 998 1149 sic
1023 1091 1058 1148 ει
1079 1076 1298 1176 particulam
1315 1083 1352 1174 *l
1372 1083 1432 1176 (ut
1454 1081 1506 1153 ita
1529 1080 1664 1179 dicam)
1686 1083 1850 1160 filiorum
1876 1089 2054 1188 adoptio-

486 1206 571 1254 nem
597 1175 874 1278 possideamus,
915 1177 1005 1248 dum
1032 1174 1254 1274 adplenum
1284 1203 1366 1250 eam
1392 1179 1432 1250 in
1464 1179 1591 1266 futuro
1617 1182 1874 1280 percipiamus.
1943 1183 2054 1264 No'n-

488 1281 580 1354 dum
601 1301 690 1350 vero
716 1276 954 1347 manifestum
978 1289 1053 1365 est,
1074 1277 1130 1372 **)
1158 1275 1278 1348 virtus
1299 1291 1334 1347 ct
1359 1279 1527 1376 operatio
1550 1277 1628 1371 ejus
1648 1295 1776 1378 aperta
1791 1283 1855 1356 sit:
1881 1300 2052 1382 attamen,
2164 1349 2171 1356 .

485 1378 570 1452 licet
594 1378 643 1448 ita
666 1395 705 1447 se
728 1399 786 1450 res
801 1372 966 1465 babeat,
987 1375 1126 1447 scimus
1147 1374 1255 1472 quia,
1278 1401 1362 1450 crrm
1388 1379 1622 1474 apparuerit,
1645 1381 1748 1476 quod
1774 1383 1888 1456 tisturi
1912 1411 2053 1480 sumus,

486 1475 622 1550 similes
645 1473 883 1546 ostendemur
905 1473 1003 1571 patri
1026 1484 1174 1560 nostro,
1201 1474 1314 1545 visuri
1340 1501 1445 1566 cum,
1476 1475 1582 1547 sicuti
1609 1490 1686 1567 est,
1717 1476 1790 1552 hoc
1815 1495 1869 1554 εει
1893 1487 2052 1582 perfecte

486 1571 797 1650 et'inditterenter
822 1571 988 1645 videntes
1008 1597 1103 1644 eum.
1155 1572 1256 1644 Dum
1279 1597 1367 1671 ergo
1391 1574 1439 1646 sit
1464 1575 1708 1672 exspectatio,
1730 1594 1766 1651 et
1787 1597 1907 1677 speret
1931 1612 2054 1658 unus-

485 1675 660 1775 quisque,
685 1669 842 1744 similem
870 1695 908 1742 se
931 1672 1012 1744 sore
1038 1672 1138 1761 Deo,
1164 1683 1206 1742 ut
1232 1671 1449 1744 excellenter
1474 1672 1594 1746 videat
1615 1699 1720 1767 eum,
1741 1679 1913 1754 castificet
1937 1697 2054 1758 semet

485 1776 629 1874 ipsum,
654 1770 761 1848 sicuti
783 1782 839 1841 est
863 1784 984 1846 castus
1007 1767 1087 1860 ille,
1114 1793 1225 1868 quem
1249 1783 1374 1869 sperat
1398 1771 1601 1869 inspicere,
1628 1776 1790 1850 mundus
1815 1780 1928 1853 corde
1954 1809 2053 1856 con·-

486 1875 629 1948 sistens.
697 1867 883 1942 Castificat
920 1883 1041 1946 autem
1074 1893 1113 1939 se
1146 1869 1323 1976 quisque,
1361 1883 1463 1942 actus
1489 1882 1525 1941 et
1549 1870 1766 1970 sapientiam
1792 1877 2052 1978 inculpabilem

486 1969 638 2051 habens.
690 1967 753 2046 Ait
779 1967 878 2037 enim
906 1969 1105 2066 scriptura:
1146 1969 1319 2038 “animas
1346 1983 1484 2042 vestras
1509 1983 1707 2069 purgantes
1728 1973 1781 2044 ad
1806 1974 2054 2058 obedientiam

484 2067 681 2145 veritatis.”
731 2063 871 2142 ohedit
897 2067 994 2138 enim
1020 2065 1182 2156 veritati,
1205 2067 1270 2166 qui
1295 2067 1482 2138 scientiam
1508 2069 1576 2138 Dei
1601 2071 1646 2168 †)
1677 2073 1715 2142 in
1750 2099 1789 2143 se
1818 2082 2053 2176 praecipuam

485 2167 608 2242 habet.
658 2165 768 2238 Unde
794 2190 947 2263 perraro
972 2162 1186 2260 hujusmodi
1210 2167 1402 2262 reperitur.
1452 2167 1580 2258 “Quis
1605 2170 1739 2264 enim,”
1770 2173 1909 2274 inquit,
1935 2179 2054 2277 “glo,

488 2265 659 2358 clabitur,
685 2277 827 2348 castum
853 2261 991 2336 habere
1013 2261 1108 2336 cor?
1131 2263 1180 2336 Et
1203 2263 1287 2361 quis
1306 2264 1481 2336 fiduciam
1508 2262 1678 2360 habebit,
1704 2272 1886 2347 mundum
1912 2303 1951 2351 se
1976 2306 2054 2359 esse

486 2371 508 2441 a
534 2361 743 2468 peccato?’'
776 2366 877 2435 Dum
908 2363 956 2436 sit
984 2361 1146 2435 mundns
1181 2387 1202 2433 a
1233 2375 1404 2458 peccato,
1443 2364 1527 2457 quis
1554 2363 1697 2436 actibus
1723 2384 1844 2439 castus
1871 2375 2055 2455 efficitur?

486 2467 547 2540 Sic
574 2465 673 2544 enim
697 2475 733 2534 et
756 2461 930 2568 “eloquia
958 2459 1100 2533 demini
1123 2469 1245 2530 easta”
1271 2466 1359 2528 sunt
1381 2455 1500 2548 dicta,
1524 2459 1762 2538 castificantia
1784 2489 1866 2560 cos,
1900 2475 1964 2570 qui
1990 2505 2053 2552 se-

487 2563 650 2637 cundum
678 2586 721 2630 ca
753 2573 788 2630 et
820 2559 1045 2630 intellectum
1077 2570 1113 2628 et
1147 2583 1170 2628 o
1224 2582 1242 2628 s
1273 2551 1423 2628 habent.
1495 2557 1592 2648 Quia
1624 2587 1714 2632 vero
1746 2577 1831 2635 sunt
1856 2591 2053 2665 provectus

484 2662 584 2766 apud
611 2685 695 2749 eos,
721 2657 787 2754 qui
808 2653 875 2727 filii
898 2657 968 2728 Dei
988 2657 1100 2742 fiunt,
1125 2583 1249 2752 palilm
1274 2666 1329 2725 est
1351 2653 1553 2734 advertenti
1579 2659 1778 2757 scripturas
1795 2681 1949 2744 sanctas.
1989 2677 2054 2748 Ait

484 2763 583 2836 enim
620 2757 680 2827 hic
714 2755 847 2825 doctor
872 2755 911 2826 io
935 2749 1125 2850 evangelio
1151 2777 1240 2824 suo:
1282 2752 1553 2851 “suscipientes
1577 2755 1731 2830 lesum”
1763 2758 1858 2860 (hoe
1883 2780 1937 2838 est
1961 2769 2052 2848 dum

484 2858 641 2934 credunt
669 2853 709 2926 in
734 2850 812 2946 ejus
837 2852 1005 2948 nominc)
1030 2859 1272 2949 “potestatem
1297 2852 1462 2949 accipere
1484 2853 1554 2924 Dei
1577 2852 1673 2927 filios
1697 2857 1811 2931 fieri.''
1867 2867 1942 2955 Qui
1964 2882 2052 2944 tau-

483 2971 562 3030 tum
597 2953 702 3036 hanc·
726 2963 946 3052 potestatem
971 2947 1103 3040 habet,
1137 2951 1290 3042 virtute,
1333 2964 1368 3021 et
1394 2949 1562 3022 nondum
1593 2957 1829 3050 operatione,
1864 2961 1962 3038 filius
1988 2986 2050 3044 est.

485 3057 581 3130 Cum
610 3067 732 3126 autern
758 3039 852 3122 benc
877 3051 992 3121 utitur
1018 3046 1095 3120 bac·
1110 3062 1307 3148 potestate,
1343 3048 1454 3120 etiarn
1487 3053 1701 3148 operatione
1728 3055 1769 3127 fit
1793 3057 1911 3153 filius,
1947 3067 2050 3161 cujus

485 3182 524 3228 se
551 3154 653 3254 prius
683 3147 944 3223 tantummodo
969 3145 1164 3222 videbatur
1185 3144 1323 3220 habere
1344 3148 1538 3236 virtutem,
1575 3175 1811 3252 nequaquam
1836 3179 2050 3258 exspectans

484 3254 632 3328 credere
661 3251 701 3322 in
736 3246 818 3320 solo
842 3244 981 3320 Christi
1015 3243 1220 3338 vocabulo,
1257 3245 1322 3318 scd
1357 3246 1466 3318 etiam
1499 3247 1538 3318 in
1575 3249 1676 3346 ipso:
1723 3256 1886 3329 “Omnis
1916 3261 2048 3361 inquit,

484 3355 547 3458 qui
574 3349 709 3437 credit,
762 3347 824 3417 uia
848 3347 950 3418 lesus
977 3358 1032 3416 est
1065 3343 1258 3435 Christus,
1284 3369 1327 3415 ex
1352 3346 1433 3416 Deo
1460 3357 1567 3416 natus
1592 3360 1691 3440 εει”.Ι
1730 3352 2047 3434 Assumensenim

485 3477 570 3524 cum
603 3447 678 3519 boc
711 3373 846 3515 adesto
880 3445 990 3516 etiam
1022 3443 1228 3515 custodiam
1254 3441 1535 3535 mandatorum,
1567 3448 1692 3543 potius
1717 3449 1814 3524 filius
1840 3454 2046 3554 adoptatur.

486 3549 560 3642 Qui
585 3546 681 3617 enim
707 3544 794 3616 sarit
816 3539 1005 3636 justitiam,
1031 3565 1074 3613 ex
1097 3543 1179 3614 Deo
1196 3556 1304 3614 natus
1331 3555 1395 3615 est.
1446 3543 1495 3614 Et
1520 3545 1585 3642 qui
1611 3544 1729 3646 diligit
1752 3551 1922 3624 inimicos
1948 3581 2048 3650 suos,

487 3663 521 3719 et
546 3659 629 3720 orat
650 3668 720 3743 pro
743 3639 1050 3740 persequentibus
1072 3665 1132 3733 se,
1157 3639 1255 3714 filius
1275 3640 1317 3712 fit
1342 3639 1509 3714 eoelestis
1535 3644 1660 3740 patris.
1718 3647 1834 3741 Igitur
1859 3651 1889 3720 si
1916 3653 1954 3722 in
1974 3653 2048 3729 hoc

486 3742 653 3834 saeculo,
680 3743 716 3814 in
742 3739 847 3840 quod
857 3741 934 3837 ††)
960 3765 1003 3811 ex
1027 3752 1131 3836 parte
1153 3738 1429 3838 cognoscimus,
1459 3753 1495 3810 ει
1520 3741 1621 3836 quod
1647 3739 1789 3813 bouum
1814 3759 1868 3816 est
1894 3751 2048 3846 agimus,

486 3831 606 3924 tantus
625 3855 678 3914 est
703 3839 867 3912 filiorum
892 3839 961 3910 Dei
983 3852 1200 3936 prouectus,
1228 3838 1331 3936 quod
1356 3835 1503 3934 oportet
1521 3838 1620 3908 credi
1636 3853 1720 3936 post
1736 3838 1826 3912 haee
1842 3843 1879 3917 in
1895 3849 2048 3924 futuro?

484 3947 566 4050 Ego
591 3940 772 4040 siquidem
793 3963 871 4010 non
888 3933 1010 4009 habeo
1028 3936 1132 4034 quod
1157 3937 1296 4024 dicam,
1322 3935 1386 4005 sed
1408 3958 1546 4032 sequor
1571 3959 1676 4026 eum,
1700 3937 1764 4036 qui
1787 3939 1893 4016 dixit:
1920 3954 2046 4021 “non-

485 4043 575 4117 dum
606 4041 880 4140 manifestatum
917 4049 991 4127 est,
1023 4035 1129 4134 quod
1160 4032 1275 4106 firmri
1308 4057 1455 4106 sumus:
1500 4034 1678 4131 quoniam
1709 4061 1795 4114 cum
1823 4049 2046 4143 apparuerit,

487 4221 924 4247 Μ

542 4337 579 4416 *)
601 4335 766 4401 Portasset
787 4323 1010 4412 particulatim.
1121 4325 1167 4412 **)
1189 4325 1401 4392 inserendum
1424 4335 1496 4390 ante
1517 4326 1628 4390 virtue
1647 4328 1790 4394 videtur:
1815 4331 1905 4397 licet.

544 4451 580 4530 †)
602 4447 676 4511 Hoc
697 4435 857 4505 Galltndli
876 4445 931 4498 etl·
974 4434 1101 4499 Anteflt
1121 4437 1165 4502 ei·
1207 4437 1327 4505 Verius
1348 4439 1612 4506 Miincbmeierus
1633 4461 1723 4507 meus
1746 4444 1895 4524 conjecit:
1916 4445 1996 4526 ejus.

527 4558 587 4640 ††)
609 4551 797 4640 Legendum
817 4559 879 4610 est:
901 4546 937 4608 ia
962 4566 1036 4632 quo.
