4608 5460
316 654 321 666 ¹
350 729 353 736 ·
426 727 431 736 ’
460 605 496 658 '⁵
562 611 894 787 ‘ntntlttt
937 669 1481 882 AIIaNEXAN'DRlNl

249 945 530 1030 ansrouss
564 945 602 1018 s.
635 909 844 1016 rolucus
884 934 1183 1010 nntnnarro
1216 931 1409 1006 carrus
1437 931 1580 1006 nnuc
1613 927 1823 1004 rn1uuu
1921 905 1928 914 '

360 1047 473 1124 cunr
497 1035 830 1118 rmonunrrs
857 1035 1048 1110 onnam
1073 1032 1401 1108 sxunrmms
1427 1032 1537 1107 suis
1563 1030 1716 1132 noers

342 1148 347 1156 ·
760 1135 1115 1224 mrumosrns
1140 1131 1309 1206 unna
1603 1149 1605 1156 .

368 1466 556 1566 Expositis
578 1462 642 1552 iis,
668 1481 769 1557 quae.
789 1452 836 1528 de
858 1448 1093 1542 auctoritate,
1117 1445 1307 1522 authentia
1336 1473 1381 1521 ac
1401 1447 1545 1520 ratione
1569 1446 1824 1520 Enarrationis

256 1567 503 1668 Didymianae
524 1553 804 1661 praemonenda
828 1547 1066 1639 ridebantur,
1098 1547 1384 1645 progrediamur
1411 1571 1510 1618 nuuc
1538 1546 1587 1618 ad
1621 1545 1827 1643 parandam

257 1669 376 1764 ipsam
400 1653 504 1736 istius
530 1653 787 1734 Enoc-rationis
810 1676 830 1724 e
856 1647 1008 1720 Graecis
1027 1643 1179 1720 scholiis
1204 1645 1501 1718 vindicationem.
1601 1727 1610 1738 ,

369 1767 426 1833 Ac
450 1759 554 1834 volui
577 1755 626 1834 ab
651 1752 756 1828 initio
778 1747 930 1849 quidem
954 1747 1161 1842 fragmenta
1186 1755 1331 1816 tantum
1350 1744 1493 1816 Graeca
1515 1769 1560 1816 ex
1578 1741 1728 1820 scholiis
1746 1742 1829 1816 ool·-

257 1861 352 1938 lecta
378 1884 463 1930 cum
487 1855 632 1932 Latinis
655 1877 675 1926 e
700 1850 851 1948 regione
877 1844 1055 1942 expressis
1081 1843 1132 1914 ita
1156 1865 1404 1939 componere,
1437 1855 1478 1912 ut
1503 1866 1547 1912 ex
1572 1857 1703 1914 mutuo
1730 1843 1828 1914 utri-

217 1939 219 1944 ’
258 1983 378 2056 usque
409 1954 567 2052 exempli
590 1975 774 2026 consensu
806 1945 852 2017 de
886 1941 1026 2017 inventi
1060 1937 1132 2014 mei
1168 1940 1319 2014 veritate
1352 1939 1468 2012 cuivis
1502 1937 1607 2010 facile
1632 1954 1828 2012 constaret.

256 2057 314 2128 Re
334 2078 423 2130 vero
447 2051 655 2126 accrrratius
674 2071 740 2145 per
787 2065 875 2132 nea,
901 2065 1018 2138 quum
1038 2035 1155 2136 probe
1178 2037 1440 2136 intelligerem,
1464 2035 1583 2110 isthac
1602 2038 1661 2112 via
1676 2063 1746 2111 nec
1764 2063 1829 2111 sa·-

258 2154 306 2226 tis
331 2151 492 2251 perspici
515 2172 626 2250 posse
650 2069 880 2218 scholihcum
905 2141 1137 2212 Graecorum
1170 2135 1219 2208 ad
1251 2135 1426 2208 Latinum
1460 2133 1645 2235 exemplar
1677 2135 1832 2210 relatio-

260 2277 349 2330 nem
373 2264 560 2344 mutuam,
592 2258 662 2318 nec
696 2241 875 2336 judicium
906 2232 1105 2308 lectoribus
1139 2234 1227 2308 ferri
1251 2260 1361 2332 posse
1388 2233 1618 2332 exploratum
1645 2234 1691 2306 de
1716 2235 1832 2334 ipsius

261 2347 518 2422 Enarrationis
533 2356 665 2416 natura
687 2363 730 2408 ac
751 2333 896 2422 indole,
923 2331 1041 2429 qualis
1058 2348 1172 2423 esset,
1198 2334 1338 2408 mutavi
1352 2331 1572 2424 consilium,
1595 2345 1730 2431 atque,
1755 2359 1832 2432 quo

263 2443 395 2516 melius
420 2435 652 2540 provinciam
682 2429 839 2506 vindicis
867 2429 908 2500 in
929 2452 988 2498 me
1009 2444 1218 2526 susceptam
1241 2455 1433 2521 ornarem,
1464 2445 1580 2503 totam
1612 2433 1834 2524 Enarratio-

264 2567 351 2614 nem
377 2537 584 2612 accuratius
608 2530 838 2628 recognitam
863 2538 974 2624 atque
1007 2527 1222 2623 lragmeutis
1246 2527 1400 2598 Graecis
1429 2529 1506 2599 suis
1535 2526 1627 2600 locis
1661 2530 1835 2603 intersitis

264 2653 412 2712 aucum
448 2634 621 2733 deinceps
653 2615 766 2704 'edere
802 2623 961 2699 decrevi.
1028 2626 1073 2696 In
1102 2651 1180 2722 quo
1212 2623 1252 2696 id
1283 2624 1466 2724 imprimis
1503 2623 1710 2698 curandum
1743 2625 1837 2701 mihi

266 2738 375 2826 duxi,
414 2749 458 2808 ut
475 2729 672 2810 Enarratio
702 2724 837 2801 Latina
869 2719 1078 2813 emendis,
1112 2717 1250 2820 quibus
1280 2717 1332 2793 ab
1357 2722 1503 2821 egregia
1535 2720 1598 2796 illa
1626 2723 1836 2822 primorum

267 2835 468 2910 Editorum
487 2841 523 2922 θ)
556 2827 699 2904 monna
732 2837 844 2923 atque
877 2821 1098 2920 negligentia
1132 2833 1246 2894 scatet
1278 2821 1354 2893 fere
1390 2821 1613 2914 innumeris,
1645 2837 1838 2922 ..quantum

266 2959 437 3034 possem,
462 2929 655 3030 purgatior
675 2923 853 3024 prodiret
904 2922 959 2994 se
981 2921 1027 2993 de
1049 2918 1175 2994 critim
1199 2921 1364 2994 muneris
1396 2920 1471 2994 mei
1501 2920 1646 2994 ratione
1670 2933 1711 2993 ut
1735 2949 1838 3020 pau-

270 3033 323 3104 cis
345 3055 528 3130 exponam
553 3025 779 3113 accuratius,
804 3047 848 3094 ea
871 3015 1116 3118 occupabitur
1148 3019 1284 3116 partim
1322 3019 1362 3090 in
1381 3019 1610 3118 corrigendis
1635 3017 1837 3094 verborum

270 3123 652 3228 interpunctionibus,
676 3147 767 3222 quas
791 3119 904 3219 primi
927 3118 1086 3190 editores
1110 3119 1294 3206 fecerunt,
1328 3117 1515 3215 pessimis,
1543 3119 1680 3216 partim
1707 3118 1748 3190 in
1772 3145 1859 3214 re-,

270 3227 466 3301 stituendis
491 3221 710 3298 lectionibus
735 3245 807 3316 pro
827 3217 987 3306 maun,
1011 3215 1043 3287 si
1061 3213 1141 3286 fieri
1160 3215 1317 3312 poterit,
1337 3215 1555 3290 verioribus.
1605 3217 1744 3316 inquo
1765 3243 1839 3290 ne·-

271 3325 375 3424 gotio
400 3322 502 3398 haud
525 3324 695 3420 exiguam
721 3315 862 3390 laboris
882 3328 1026 3414 partem
1047 3313 1242 3410 occupavit
1264 3311 1503 3407 Gallandius,
1531 3316 1744 3414 primusque
1774 3314 1838 3388 lo·

273 3450 359 3515 cos,
400 3447 497 3522 quos
521 3419 746 3496 intellexerat
770 3427 987 3530 corruptos,
1018 3425 1082 3484 aut
1106 3411 1401 3508 interpunctione
1432 3427 1496 3486 aut
1517 3411 1675 3486 lectione
1698 3427 1840 3487 munta

273 3547 403 3596 sanare
437 3520 597 3596 tenuvit
664 3514 843 3592 Codicem
879 3539 918 3585 m
954 3537 996 3584 ea
1033 3535 1074 3582 re
1112 3522 1304 3582 auctorem
1339 3508 1469 3586 habuit
1498 3509 1651 3610 quidem
1680 3509 1838 3620 nullum,

277 3619 360 3693 solo
389 3620 539 3718 ingenio
568 3643 659 3691 usus
694 3626 833 3689 stacte
860 3606 1118 3706 conjecturali,
1148 3607 1334 3682 interdum
1359 3624 1484 3686 tamen
1516 3607 1736 3684 febrissima.
1786 3613 1838 3683 Ut

282 3767 717 3790 w

342 3844 376 3924 Γ)
391 3842 521 3909 Primus
539 3840 709 3920 „Didymi
727 3837 964 3909 Alexandrini
983 3835 1021 3902 in
1043 3835 1207 3923 epistolas
1228 3838 1412 3904 canonicas
1428 3837 1561 3906 brevem
1572 3837 1840 3908 Ertarrstionsrn

391 3945 434 3987 ss
454 3922 502 3988 D.
522 3923 729 4011 Hieronymi
748 3923 818 3988 scri
842 3933 954 3986 torum
975 3921 1282 3986 ecclesiasticorum
1305 3921 1425 3987 walo
1447 3931 1490 3984 o”
1515 3923 1611 3986 edidit
1637 3922 1841 4007 Mergum-nus

390 4006 432 4069 de
450 4007 481 4070 le
502 4005 604 4091 Bigne
624 4007 659 4071 in
679 4007 761 4074 Bibl.
782 4007 808 4071 P
836 4005 1049 4070 .l²arisiensis
1069 4003 1219 4068 Editions
1239 4006 1393 4082 secunda,
1448 4027 1501 4069 om
1523 4005 1585 4070 IX.
1613 4014 1842 4088 pata-557.

391 4087 519 4152 Laudat
536 4088 664 4174 quidem
684 4090 854 4166 Codicem,
875 4108 940 4173 quo
959 4109 1036 4151 usus
1056 4097 1123 4167 est,
1152 4088 1421 4164 vetustissimum,
1452 4086 1648 4155 membranis
1658 4095 1667 4150 .’
1675 4089 1842 4174 scriptum,
1932 4090 1936 4100 ’

390 4169 535 4251 eiusdem
567 4183 678 4237 tamen
705 4173 877 4237 lectionem
908 4172 1086 4235 litterarum
1124 4169 1316 4236 obscuritate
1350 4171 1621 4256 quamplurimam
1656 4172 1843 4258 impeditam

388 4250 492 4318 turre
512 4255 664 4336 queritur.
711 4257 808 4321 Hanc
830 4254 1011 4340 principem
1041 4252 1210 4318 editionem
1237 4255 1396 4342 repetiere
1425 4251 1541 4319 deinde
1558 4254 1764 4320 Colonienses
1790 4256 1843 4333 ita,

394 4346 448 4412 ut,
468 4357 509 4398 ne
531 4336 601 4419 quis
621 4341 777 4402 tectorum
796 4341 878 4403 male
896 4337 956 4401 sihi
976 4348 1086 4400 cautus
1104 4335 1318 4419 origenianae
1336 4336 1503 4401 haereseos
1524 4339 1710 4422 comagione
1732 4336 1844 4402 inlice·
1977 4332 1984 4345 '

394 4428 501 4496 retur,
521 4418 629 4483 multis
649 4421 780 4504 quidem
798 4430 952 4484 caverent
971 4420 1240 4484 admonitionibus
1263 4421 1300 4498 jn
1331 4421 1476 4505 margine
1504 4423 1655 4486 interiore
1684 4423 1846 4506 appositis,

396 4521 523 4564 errores
548 4521 628 4566 sero
660 4504 758 4586 primi
784 4505 916 4568 editoris
940 4523 1007 4566 non
1034 4501 1131 4564 modo
1152 4523 1219 4565 non
1240 4501 1453 4590 corrigerent,
1485 4504 1541 4572 scd
1561 4515 1711 4590 sugerent
1729 4504 1845 4590 potius.

139 4663 143 4670 ¹
282 4603 290 4622 =
393 4583 466 4648 Nec
484 4581 573 4650 aliter
590 4583 815 4672 Lugdunensis
835 4585 1047 4653 Bibliothecae
1063 4585 1218 4654 Editores.

1430 4672 1498 4754 1*
