4608 5460
1090 427 1426 532 ...q-Bm.

1094 671 1135 684 ·’
1216 651 1296 738 IV.

478 887 481 892 Δ
514 804 536 910 ,’
581 815 654 889 Ad
666 815 882 914 scrupulum
907 815 1022 908 cuivis
1048 813 1096 886 de
1121 811 1310 892 authentia
1333 827 1482 900 nostrae
1502 817 1758 897 Enarrationis
1783 815 2042 900 subdubitanti

470 940 625 1015 prorsus
656 915 893 1004 eximendum
915 911 1153 1014 ,permultum
1186 911 1308 1000 hercle
1323 916 1488 1004 tetemet,
1534 917 1566 990 si
1595 944 1673 989 uno
1710 917 1839 994 saltem
1880 922 1920 994 ln
1953 923 2040 996 loco

471 1018 618 1104 Graeca
648 1011 820 1106 scholia„
851 1039 946 1110 quae
980 1012 1152 1084 Latinam
1184 1012 1336 1110 Didymi
1370 1005 1711 1110 interpretationem
1740 1017 1885 1092 disertis
1917 1020 2041 1096 verbis

471 1114 655 1200 referunt,
678 1135 823 1200 nonren'
836 1111 996 1211 Didymi
1021 1109 1186 1197 auctoris¹
1203 1107 1275 1196 sibi
1300 1112 1520 1209 inscriptum
1540 1128 1717 1209 gererent.
1777 1117 1925 1190 Nomen
1943 1139 2041 1206 'uero

470 1211 568 1287 illius
610 1210 650 1280 in
693 1209 865 1301 scholiis,
893 1209 1066 1306 nuspiam
1112 1221 1275 1305 apparet.
1352 1211 1398 1282 In
1439 1233 1515 1308 quo
1554 1215 1681 1284 tamen
1715 1212 1796 1290 ¹noli
1837 1213 2040 1290 offendere!

471 1308 636 1398 Maxima
661 1308 759 1400 enim
783 1335 870 1409 pars
892 1305 1303 1383 scholiorumnomina
1328 1321 1523 1384 auctorum
1546 1310 1707 1391 ostendit
1731 1310 1844 1386 nulla.

487 1475 490 1488 ·
584 1463 874 1554 Αιιιιτιιειιιιιιιιε
904 1473 1019 1536 exstat
1043 1459 1083 1531 in
1107 1460 1189 1560 ipsa
1211 1459 1456 1538 Enarratione
1481 1458 1605 1554 locus,
1643 1488 1686 1536 ex
1712 1489 1787 1562 quo
1813 1468 1921 1540 certis
1947 1457 2040 1542 ellici

402 1647 405 1653 7
471 1563 594 1660 potest
619 1561 864 1656 argumentis,
896 1584 978 1630 eam
1002 1585 1025 1630 a
1044 1559 1208 1659 Didymo
1234 1583 1361 1634 revera
1388 1560 1561 1658 scriptam
1587 1586 1676 1633 esse.
1725 1565 1916 1662 Leguntur
1932 1564 2039 1640 'enim

471 1661 575 1731 inea
596 1656 687 1733 haec
711 1659 787 1730 fere
804 1659 858 1751 *):
889 1659 1037 1729 “Verus
1061 1655 1159 1733 filius
1184 1655 1255 1738 Dei
1269 1670 1333 1748 ‚est
1358 1659 1460 1732 Iesus
1486 1655 1674 1748 Christus,
1698 1687 1806 1733 verus
1832 1661 1934 1735 Deus
1960 1667 2040 1736 exi-

471 1769 580 1829 stens.
631 1755 681 1829 Et
703 1755 920 1842 considera,
958 1755 1276 1852 quemadmodum
1302 1753 1625 1829 consubstantialis
1650 1758 1751 1830 Patri
1776 1772 1812 1830 et
1837 1785 1914 1834 non
1939 1761 2039 1836 idem

471 1879 626 1926 numero
658 1854 864 1944 secundum
903 1851 1107 1928 sabellium
1143 1851 1240 1928 filius
1277 1853 1324 1926 sit
1356 1879 1441 1928 eum
1473 1857 1593 1928 Patre.
1630 1898 1680 1914 -
1739 1859 1885 1930 Horum
1915 1859 2055 1958 itaque·

470 1951 615 2026 siueula
636 1952 965 2042 examinationem,
992 1966 1034 2022 ut
1058 1952 1128 2023 fuit
1152 1947 1349 2050 possibile,
1377 1953 1416 2023 in
1440 1952 1520 2026 aliis
1542 1949 1787 2027 habuerunt.”
1824 1955 1903 2028 'His
1927 1957 2037 2054 igitar

471 2011 595 2124 veritis
614 2065 740 2150 aperte
772 2048 969 2126 declaravit
994 2063 1141 2141 auctor,
1180 2075 1221 2122 se
1253 2047 1332 2124 aliis
1359 2051 1406 2120 in
1437 2048 1542 2122 libris
1569 2050 1775 2125 doctrinam
1807 2044 1852 2125 de
1876 2049 2038 2140 trinitate¹

473 2149 650 2223 adversus
670 2147 887 2227 whaereticos
920 2147 1071 2220 uberius
1100 2147 1326 2248 exposuisse.
1394 2149 1550 2246 Scripsit
1573 2165 1697 2222 autem
1720 2151 1765 2223 D.
1799 2150 1844 2223 de
1862 2143 2040 2240 ¹trinitate,

471 2243 590 2320 libros
605 2264 650 2337 3,
672 2273 767 2350 quos
789 2273 810 2318 e
832 2244 971 2322 Codice
992 2247 1068 2318 fere
1089 2246 1252 2344 integros
1278 2247 1421 2344 primus
1443 2244 1649 2342 evulgavit,
1675 2263 1879 2348 nostroque
1895 2253 2037 2324 auctori

471 2345 768 2447 locupletissimis
798 2345 998 2418 vindicavit
1026 2343 1299 2417 commentariis
1333 2339 1606 2438 Mingarellius,
1639 2344 1753 2414 Italus
1772 2349 1838 2442 **).
1892 2347 2038 2440 Quibus

472 2443 641 2519 vindiciis
670 2441 780 2522 simul
808 2441 977 2532 effectum
1001 2455 1055 2514 est
1078 2440 1137 2528 id,
1164 2453 1206 2524 ut
1230 2437 1422 2534 utriusque
1442 2437 1564 2534 operis
1589 2452 1775 2511 auctorem
1802 2469 1919 2514 unum
1942 2470 2038 2517 eun-

471 2541 631 2641 demque
656 2542 754 2613 idem
779 2565 933 2638 prorsus
959 2539 1005 2610 de
1034 2536 1195 2609 trinitate
1228 2547 1359 2610 contra
1384 2531 1586 2606 Sabellinm
1612 2539 1745 2608 sentire
1770 2537 1876 2614 facile
1898 2541 2039 2614 intelli-

473 2665 547 2738 gas.
611 2641 738 2712 Potest
778 2663 867 2711 vero
901 2649 1091 2736 praeterea
1128 2659 1172 2706 ex
1207 2631 1318 2706 allato
1360 2632 1492 2708 eodem
1529 2631 1615 2706 loco
1648 2633 1793 2733 colligi,
1834 2639 2037 2740 Didymum

472 2749 640 2812 nostram
658 2739 755 2837 Epp.
776 2731 1293 2838 Cath.Ena1-rattonempost
1316 2727 1434 2804 libros
1456 2729 1606 2804 demum
1625 2731 1671 2804 de
1696 2733 1855 2808 trinitate.¹
1878 2738 2037 2837 scriptos

473 2835 735 2934 composuisse.
798 2831 925 2928 Quum
950 2857 1043 2904 vero.
1064 2831 1110 2904 de
1135 2844 1324 2930 tempore,
1359 2855 1435 2929 quo
1460 2827 1514 2901 illi
1539 2830 1585 2902 de
1607 2831 1770 2904 trinitate
1791 2829 1882 2904 libri
1903 2831 2039 2910 exarati

471 2936 632 3024 luerint,
656 2930 749 3004 nihil
774 2930 952 3004 accuratis
978 2927 1125 3002 definiri
1146 2925 1352 3004 rationibus
1378 2939 1506 3028 queat,
1540 2929 1669 3029 nequit
1697 2930 1808 3003 etiam
1833 2931 2037 3008 accuratius

472 3029 566 3126 dici,
596 3030 747 3132 quando
773 3042 905 3104 nostra
925 3027 1061 3128 scripta
1084 3028 1131 3099 sit
1155 3025 1349 3099 enarratio.
1760 3029 1763 3034 '

477 3229 481 3236 ·
585 3184 653 3262 Est
672 3194 798 3257 eutem
824 3177 916 3252 haec
940 3174 1156 3276 Didymiani
1179 3175 1320 3273 ingenii
1341 3175 1391 3248 ita
1412 3175 1522 3274 plena
1546 3177 1727 3275 vestigiis,
1765 3193 1806 3252 ut
1831 3180 1888 3254 vel
1912 3180 2039 3256 leviter

473 3280 705 3380 perquirenti¹
735 3303 778 3349 ea
811 3273 933 3350 ubivis
967 3288 1187 3374 appareant,
1224 3299 1294 3350 nec
1320 3275 1439 3370 possit
1467 3279 1744 3373 comparatione
1777 3303 1931 3374 operum
1967 3282 2039 3354 Di*

474 3382 575 3479 dym.
609 3377 821 3475 diligentius
844 3375 1010 3450 instituta
1040 3371 1087 3448 de
1112 3385 1261 3446 nostrae
1286 3369 1474 3446 authentia
1498 3374 1755 3447 Enarrationis
1781 3375 1939 3472 amplius
1965 3380 2040 3450 dn,-

476 3477 594 3560 bitari„
656 3478 701 3550 In
733 3471 1075 3572 quaquaestione,
1113 3496 1230 3569 quum
1255 3467 1529 3568 Mingarellius,
1563 3473 1733 3569 quamvis
1764 3470 1837 3544 alio
1871 3473 2038 3565 consilio,

473 3601 607 3674 nempe
638 3587 682 3652 ut
711 3570 828 3648 libros
859 3571 905 3647 de
930 3569 1113 3658 trinitate,
1149 3565 1286 3667 quibus
1316 3594 1454 3641 nomen
1486 3570 1652 3644 auctoris
1679 3583 1715 3642 et
1745 3571 1890 3642 initium
1917 3573 2039 3670 operis

474 3674 512 3750 in
544 3674 694 3762 codice,
735 3699 811 3772 quo
844 3667 1036 3758 utebatur,
1068 3665 1219 3758 desunt,
1257 3665 1421 3765 Didymo
1447 3667 1670 3758 vindicaret,
1709 3693 1861 3764 prorsus
1898 3671 2040 3766 egregie

443 3827 445 3832 ,
474 3770 957 3860 omniffldminjstraverit,
989 3765 1074 3840 lieet
1097 3763 1228 3856 nobis,
1264 3761 1375 3838 talem
1398 3765 1462 3861 qui
1487 3765 1585 3837 nacti
1609 3765 1725 3838 simus
1751 3779 2040 3864 praeceptorem,

473 3868 651 3952 brevibus
675 3896 763 3950 esse·
812 3867 947 3950 Paucis
972 3865 1084 3962 igitur
1110 3863 1302 3961 defungar.
1353 3863 1497 3959 Atque,
1534 3876 1578 3935 ut
1605 3889 1666 3952 ea,
1705 3889 1804 3962 quae
1826 3864 1874 3944 ad
1897 3865 2041 3950 doctri,-

473 3963 560 4052 nam
597 3969 846 4066 dogmaticam
877 3965 1052 4055 attinent,
1093 3963 1259 4061 primum
1290 3967 1510 4058 persequar,
1557 3961 1703 4052 omnia,
1725 3973 1837 4059 'qum
1877 3961 2039 4060 Didymo

454 4065 674 4164 peculiaria
696 4064 950 4146 habentur=.de
972 4063 1054 4136 Deo
1078 4085 1157 4138 uno
1180 4074 1220 4133 'et
1240 4057 1359 4148 trino,
1384 4059 1430 4130 de
1457 4060 1873 4140 creatione-sanatione
1898 4061 2042 4151 muudi,

474 4165 521 4236 de
543 4163 684 4261 mrgelis
706 4167 814 4240 bonis
840 4190 883 4242 ac
912 4159 1040 4250 malis,
1081 4158 1134 4234 de
1151 4155 1303 4230 diabolo
1330 4155 1484 4255 ejusque
1508 4171 1659 4246 natura,
1695 4158 1742 4230 de
1768 4156 1920 4233 Christo
1942 4157 2043 4251 ejus-

471 4271 545 4361 'que
570 4262 710 4334 naturis
731 4275 767 4339 ei
792 4258 987 4359 operibus,
1001 4257 1072 4338 ide.
1097 4269 1230 4338 nomm
1252 4251 1414 4330 hominis
1448 4267 1486 4328 et
1514 4256 1636 4352 gralia
1652 4255 1721 4332 ,rel
1749 4254 1902 4356 placila,
1931 4280 2043 4352 qae-

509 4487 540 4566 *l
561 4484 638 4549 Vll
660 4483 699 4547 ⁸1¹
721 4484 801 4568 Cer·
814 4483 861 4549 V·
883 4486 1007 4570 mimae
1024 4487 1115 4572 epm
1134 4487 1224 4554 loen·
1243 4491 1401 4571 pensas.
1421 4483 1460 4546 Β.
1478 4482 1560 4547 Bibt.
1581 4474 1687 4568 tuga.
1794 4477 1801 4488 ·
1827 4479 1872 4488 ··-
1939 4481 1951 4488 -
1984 4481 2019 4492 ·-

509 4595 555 4675 **)
576 4593 628 4658 Cf·
647 4595 699 4659 De
718 4592 867 4679 Didymo
886 4595 1164 4660 commentarium
1184 4595 1225 4656 ad
1244 4593 1360 4674 Erana,
1381 4593 1716 4677 cmfwmjpmm,
