4608 5460
1070 373 1429 472 .--6--

462 584 538 654 ter.
568 569 735 644 notitiam
770 583 895 667 atquc.
912 570 1117 666 fragmenta
1142 571 1189 642 in
1222 571 1368 646 Catenis
1394 573 1570 670 pauciora
1597 572 1716 650 nobis'
1744 573 1912 652 relictura
1945 596 2037 674 esse,

468 669 622 744 omnino
663 681 733 757 est,
772 668 875 766 quod
913 665 1115 743 doleamus.
1175 668 1295 743 Unica
1321 683 1483 758 tantum,
1515 686 1557 742 ut
1581 674 1745 766 ridetur,
1780 679 1870 768 sera
1894 675 2036 772 integra

467 769 603 860 Latina
636 765 809 862 quidem,
849 763 961 842 nobis
991 779 1105 836 exstat
1133 767 1286 864 Didymi
1315 767 1512 846 Enarratio
1538 771 1578 845 in
1603 771 1789 874 Epistulas
1816 768 2051 864 Catholicae,

466 864 513 938 de
540 889 615 964 qua
628 889 734 943 *nunc
746 864 956 945 accuratius
979 877 1034 939 est
1057 865 1265 964 dicendum.

1168 1225 1173 1232 -
1203 1161 1292 1248 111.

575 1315 780 1418 Didymum
805 1317 845 1389 in
871 1311 1057 1417 Epistolas
1084 1319 1293 1395 Catholicas
1320 1322 1629 1396 commentarium
1653 1323 1861 1423 scripsisse,
1888 1341 2032 1424 praeter

465 1413 750 1506 Cassiodorum,
785 1416 1003 1514 scriptorem
1026 1418 1160 1492 saeculi
1186 1423 1296 1512 sexti,
1319 1433 1472 1494 testatur
1491 1445 1604 1493 nemo
1630 1449 1737 1493 unus.
1789 1423 1859 1496 llic
1877 1449 1966 1498 vero
1991 1426 2034 1497 in

437 1509 692 1597 'institutione
717 1514 926 1588 divinarum
949 1515 1153 1590 litterarum
1176 1519 1212 1616 *)
1237 1517 1361 1592 multis
1384 1532 1529 1608 narrat,
1564 1520 1757 1618 seipsum
1791 1517 1866 1614 jam
1894 1547 2032 1613 senem,

461 1624 503 1682 ut
527 1609 721 1686 monachis
741 1613 817 1684 suis
853 1613 893 1684 in
922 1611 1110 1688 discendis
1142 1616 1277 1692 divinis
1313 1617 1440 1692 litteris
1466 1627 1712 1708 succurreret,
1752 1642 1887 1690 novem
1919 1621 2032 1692 totius

462 1733 490 1780 s.
515 1708 638 1806 script.
664 1710 810 1783 codices
831 1725 867 1784 et
892 1712 1055 1785 studiose
1082 1713 1296 1789 emendatos
1320 1731 1355 1788 et
1374 1715 1614 1787 annotatione
1637 1716 1819 1885 exepptica
1844 1716 2034 1788 eGraecis

461 1807 660 1882 maximam
711 1819 828 1880 artem
853 1808 1022 1882 desumta
1046 1811 1245 1886 instructos
1271 1813 1481 1888 adornasse.
1530 1811 1651 1907 Hujus
1671 1809 1711 1884 bi
1739 1809 1918 1885 liothecae
1942 1839 2033 1884 exe-

461 1901 599 2000 geticae
622 1930 666 1975 co
694 1931 741 1978 ex
766 1917 917 2006 octavus
943 1907 1116 2006 epistolas
1142 1912 1398 2027 apostolorum
1425 1909 1619 1983 continuit.
1669 1909 1726 1984 De
1753 1936 1829 2008 quo
1851 1907 1923 1982 ubi'
1937 1921 2033 1982 nar-

460 2015 537 2091 rat,
561 2002 626 2088 „in
650 2000 832 2103 epistolis,
856 2004 996 2103 inquit,
1033 2012 1220 2102 canonicis
1256 2011 1346 2107 (sive
1380 2007 1585 2102 catholrcis)
1613 2005 1783 2080 Clemens
1808 2005 2032 2079 Alexandri·-

459 2125 531 2172 nus
557 2097 773 2200 Presbyter,
797 2103 863 2202 qui
885 2118 921 2174 et
945 2105 1174 2179 stromateus
1192 2122 1366 2198 vocatur,
1392 2108 1415 2180 i.
1437 2131 1468 2202 e.
1490 2105 1529 2178 in
1551 2103 1707 2203 epistola
1723 2109 1760 2179 S.
1781 2105 1880 2176 Petri
1894 2101 2028 2203 prima,

460 2199 500 2269 S.
525 2199 677 2274 loannis
702 2201 828 2296 prium
848 2203 1088 2295 et'secunda,
1115 2218 1151 2276 et
1176 2204 1308 2278 Jacobi
1329 2207 1386 2302 ἢ)
1412 2204 1596 2303 quaedam
1612 2203 1735 2276 Attico
1761 2228 1932 2275 sermone
1958 2204 2030 2274 de-

461 2294 624 2387 claravit,
649 2295 852 2374 ubimulta
876 2299 1026 2398 quidem
1052 2298 1249 2395 subtiliter,
1275 2303 1341 2375 sed
1361 2301 1485 2396 aliqua
1505 2303 1651 2370 incaute
1675 2299 1820 2370 locutus
1841 2315 1906 2387 est,
1922 2323 2029 2398 *quae

459 2406 529 2464 nos
554 2395 604 2466 ita
625 2395 816 2472 transferri
840 2398 995 2478 fecimus
1020 2401 1060 2472 in
1080 2402 1274 2486 Latinum,
1307 2412 1349 2467 ut
1370 2394 1525 2486 exclusis
1544 2391 1770 2490 quibusdam
1796 2391 2030 2468 offendiculis

457 2491 650 2588 purificata
678 2491 850 2565 doctrina
875 2494 954 2588 ejus
978 2495 1145 2568 securior
1166 2494 1348 2592 potuisset
1369 2491 1520 2567 hauriri.
1572 2493 1610 2563 S.
1630 2516 1779 2590 quoque
1799 2491 2028 2588 Augustinus

457 2614 513 2686 ep.
537 2587 664 2661 Iacobi
691 2589 855 2686 apostoli¹
878 2589 986 2664 solita
1012 2591 1222 2688 diligentiae
1250 2617 1339 2664 suae
1363 2587 1573 2664 curiositate
1592 2589 1778 2678 tractavit,
1817 2615 1929 2686 quarn
1956 2615 2029 2662 ro-

454 2685 514 2759 bis
540 2688 579 2758 in
601 2685 887 2762 membranaceo
913 2687 1041 2762 codice
1064 2689 1240 2804 scriptam
1260 2687 1404 2790 reliqui.
1462 2687 1536 2762 Sed
1568 2711 1685 2786 quum
1710 2685 1757 2759 de
1779 2683 1931 2784 reliquis
1959 2711 2026 2758 ca-

455 2784 601 2866 nonicis
627 2783 790 2882 epistolis
813 2808 949 2884 magna
973 2789 1235 2886 noscogrtat'io
1251 2789 1439 2887 fatigaret,
1460 2787 1580 2860 subito
1604 2785 1709 2859 nohis
1728 2783 1844 2858 codex
1864 2787 2026 2884 Didymi

460 2887 606 2955 Graeco
636 2888 733 2986 stylo
759 2891 989 2986 conscriptus
1014 2891 1053 2960 in
1076 2893 1339 2982 expositionem
1367 2891 1456 2964 VII
1484 2890 1749 2958 canonicarum
1782 2889 2024 2980 epistolarum

455 2986 620 3056 Domino
646 2985 828 3088 largiente
853 3008 1044 3056 concessus
1071 3001 1145 3073 est,
1170 2993 1234 3081 qui
1255 2989 1541 3109 claffsspipahonio
1565 2990 1646 3063 viro
1667 2987 1924 3078 disertissim,
1945 2983 2022 3054 Di-

456 3087 610 3156 sinuare
627 3086 807 3178 juvante,
833 3087 1040 3161 translatus
1065 3093 1155 3157 est?
1179 3125 1230 3146 -·
1295 3139 1356 3205 ,W

471 3289 479 3299 .
516 3305 523 3314 ,
569 3228 696 3324 Hujus.
715 3256 758 3333 ea
782 3226 962 3316 sacratio
982 3230 1204 3326 testimonii,
1241 3249 1284 3307 ut
1300 3233 1353 3334 ad
1375 3259 1455 3310 eam
1470 3261 1584 3326 rem,
1623 3234 1670 3309 de
1700 3258 1775 3331 qna
1799 3229 2025 3332 quaerimus,

484 3327 692 3402 robandam
725 3329 821 3402 nihil
853 3334 971 3430 possit
1003 3333 1155 3430 cogitari
1191 3332 1346 3408 validius
1379 3361 1421 3406 ac
1462 3335 1605 3408 certius
1671 3333 1799 3404 Possis
1831 3343 1955 3402 tamen
1983 3329 2025 3404 in

456 3359 530 3523 hoc
562 3453 660 3520 uno,
698 3429 805 3525 ¹quod
836 3432 987 3524 unicum
1013 3443 1088 3521 est,
1110 3427 1288 3509 ,offensus
1314 3457 1462 3509 causam
1485 3456 1632 3509 sumere
1657 3426 1907 3504 dubitationis.
1974 3428 2026 3498 At

456 3550 546 3600 vero
568 3517 624 3598 ‘id'
650 3526 862 3624 quominus·
883 3527 1015 3617 facias,
1053 3525 1267 3627 prohibebit
1299 3531 1555 3630 impedietque.
1578 3554 1667 3604 sane
1697 3525 1914 3624 Didymiani
1937 3539 2026 3626 post

455 3638 615 3726 mortem
640 3623 803 3726 nominis
823 3621 977 3700 historia
1000 3625 1114 3732 paulo
1137 3629 1341 3704 accuratius
1367 3629 1516 3730 cognita
1539 3655 1583 3704 ac
1605 3652 1796 3728 perpensa.
1859 3643 1862 3650 “
2029 3669 2031 3676 v

371 3829 375 3836 -
472 3823 477 3852 2
571 3775 727 3848 Consut
750 3776 870 3869 enim,
907 3776 1131 3877 Didymnm,
1162 3779 1259 3853 dum
1285 3782 1425 3854 vireret
1454 3778 1627 3879 quidem,
1666 3776 1767 3877 apud
1793 3801 1923 3850 omues
1946 3770 2023 3849 lere

458 3874 731 3970 intemeratam:
756 3873 834 3945 imo
867 3875 998 3947 acriter
1030 3877 1202 3950 defensae
1238 3877 1481 3952 orthodoxiae
1499 3878 1614 3952 laude
1639 3877 1827 3967 floruisse,
1865 3875 2022 3948 eundern

457 3969 707 4043 tanrcnhaud
729 3971 848 4044 multo
903 3986 962 4046 ost
990 3989 1149 4046 mortem
1174 3999 1258 4050 cum
1286 3978 1456 4076 Origine,
1494 4002 1605 4075 quem
1626 3977 1667 4048 in
1691 3972 1881 4072 theologia
1904 3987 2024 4047 secta-

459 4083 593 4177 tusest
617 4069 793 4163 maxime,
829 3998 958 4146 eadem
977 4086 1188 4149 contactum
1209 4085 1288 4148 esse'
1311 4074 1380 4149 hac
1408 4089 1505 4148 sorte
1525 4075 1673 4178 iniqua,
1706 4085 1747 4146 ut
1772 4071 1872 4172 apud
1894 4072 2023 4146 anxios

643 4403 707 4468 .V
760 4453 769 4471 .
1771 4469 1774 4478 ’
1883 4459 1900 4472 ·’

499 4409 550 4592 *li
566 4405 803 4600 gihanedilhm
824 4513 969 4580 videtur:
989 4516 1097 4583 Iudae.
1131 4474 1394 4587 ‹amicornment
1416 4472 1526 4584 meum
1546 4519 1590 4612 in.
1603 4518 1694 4606 epist.
1704 4515 1802 4612 toan
1822 4535 1855 4602 p.
1875 4525 1949 4591 298·
