4608 5460
896 417 1235 528 -τ.-.-]ρτ.---1

278 619 374 695 trista
404 612 476 692 sibi
509 611 695 702 contraria
727 612 803 698 lere
836 612 1030 710 capressis,
1050 609 1173 686 verbis
1207 614 1335 688 doceri
1369 610 1601 687 videbantur.
1666 611 1723 681 Ne
1753 635 1840 682 rero

277 715 501 813 apiostolicae
525 713 733 800 auctoritati
753 735 960 808 repugnare
974 710 1163 800 ,audacius
1184 711 1392 802 videretur,
1416 707 1617 785 clausulam
1643 703 1743 800 illam
1769 705 1841 778 ad-

276 812 381 906 jecit,
399 835 481 910 'qua
505 811 661 886 lectores
674 810 916 898 admoneret,
935 807 1165 900 seutentiam
1197 807 1320 902 illam,
1360 836 1453 908 quae
1477 791 1604 882 multis
1627 803 1739 908 mira,
1781 805 1843 876 of-

275 910 436 984 fensioni
483 936 527 982 ue
546 909 662 1007 plena
688 908 892 996 videretur,
909 906 1078 1002 quamvis
1097 905 1306 1002 publicatae
1331 905 1466 980 inesset
1478 903 1680 1004 epistolae,
1706 915 1841 995 tamen,

277 1009 456 1104 moniam
506 1032 570 1091 aec
594 1007 675 1103 ipsa
693 1003 822 1086 falsata
845 999 1061 1096 haberetur,
1087 1003 1189 1078 nulla
1214 1005 1369 1080 omnino
1392 1001 1461 1078 niti
1484 1003 1697 1077 auctoritate
1723 1028 1844 1074 cano-

275 1105 369 1188 nica.
420 1108 535 1179 llaec·¹
546 1105 578 1176 si
603 1129 689 1178 vera
714 1115 767 1176 est
788 1099 861 1188 loci
885 1101 1004 1196 nostri
1029 1102 1296 1200 interpretatio,
1321 1102 1461 1201 optime
1484 1099 1682 1176 cohaerent
1706 1100 1843 1190 omnia.

275 1204 326 1274 At
351 1227 439 1276 vero
474 1205 643 1290 luerrmt,
676 1200 741 1298 qui
762 1198 962 1290 dicerent,
1002 1199 1209 1293 Didymum
1245 1202 1346 1278 Petri
1382 1201 1599 1274 sententiam
1634 1198 1843 1270 enarrando

276 1325 382 1384 suam
407 1299 547 1374 fecisse.
597 1299 667 1389 Hi,
699 1297 893 1395 quomodo
915 1295 1116 1370 clausulam
1144 1297 1363 1390 defendant,
1396 1297 1545 1374 videant
1567 1297 1649 1396 ipsi.
1673 1309 1676 1314 '
1699 1298 1843 1366 Barna-

271 1396 380 1494 ρίαν,
405 1421 521 1494 quum
546 1395 619 1484 loci
644 1396 860 1472 sententium
886 1421 965 1466 non
990 1395 1236 1494 perspiceret,
1271 1397 1431 1488 censuit,
1466 1422 1527 1488 ea,
1565 1420 1659 1494 quae
1691 1393 1731 1464 in
1768 1391 1843 1492 fine

277 1494 531 1568 commentarii
556 1491 746 1591 leguntur,
770 1487 818 1564 ab
842 1491 962 1564 aliena
984 1519 1099 1566 manu
1125 1520 1202 1566 esse
1233 1492 1329 1568 male
1355 1508 1488 1567 assuta.
1553 1495 1610 1565 Ac
1634 1493 1732 1566 recte
1756 1490 1843 1588 qui-¹

276 1591 381 1678 dem,
419 1591 538 1663 modo
571 1589 727 1689 probari
755 1604 903 1689 posset,
943 1591 1147 1690 Didymum
1185 1617 1375 1666 assensum
1413 1606 1631 1689 argumento
1668 1587 1843 1687 epistolae

275 1686 508 1786 praebuisse3
541 1713 765 1788 quamquam
797 1713 858 1760 ne·
875 1690 927 1760 sic
952 1688 1104 1786 quidem
1138 1689 1323 1787 intelligo,
1361 1717 1435 1789 qua
1463 1691 1609 1762 ratione
1643 1713 1763 1786 quave
1797 1685 1844 1756 de

273 1811 384 1858 causa
421 1786 491 1858 ista
522 1788 620 1858 assui
650 1789 839 1884 potuerint
871 1786 1046 1860 addititia.
1107 1785 1273 1858 Placeret
1301 1791 1438 1886 magis,
1482 1789 1513 1860 si
1547 1797 1662 1858 totam
1694 1782 1842 1856 alterius

274 1883 377 1980 epist.
403 1885 500 1956 Petr.
524 1885 810 1958 Enarrationem
835 1884 889 1956 ita
911 1884 1116 1958 mutilatam
1141 1911 1219 1957 esse
1245 1885 1404 1975 diceres,
1441 1899 1484 1956 ut
1504 1885 1600 1956 inter
1628 1881 1744 1954 multa
1772 1880 1845 1952 alia

272 2005 316 2050 ea
341 1981 505 2070 maxime
524 1973 795 2074 interciderint,
832 1980 891 2054 vel
923 1979 971 2052 ab
1005 1982 1201 2080 interprete
1234 1983 1371 2056 Latino
1407 1983 1544 2056 omissa
1578 1981 1671 2068 sint,
1706 1975 1844 2078 quibus

272 2073 435 2153 clausula
451 2078 708 2153 commentarii
727 2091 922 2152 constaret.
972 2077 1131 2152 Facilius
1154 2093 1278 2157 tamen
1302 2108 1359 2172 eo,
1386 2108 1463 2183 quo
1486 2077 1705 2180 supradixi,
1728 2075 1844 2148 modo

267 2199 351 2251 rem
375 2172 532 2250 habebis
558 2202 603 2250 ex
630 2175 776 2267 editam.
836 2178 977 2249 Verum
1008 2176 1160 2273 quidem
1196 2192 1271 2269 est,
1292 2176 1534 2295 ¹Didymum,
1569 2178 1600 2251 si
1633 2175 1712 2276 ipse
1741 2173 1843 2246 illam

270 2272 459 2368 scripserit
478 2205 701 2362 clausulam,
726 2273 766 2345 in
790 2271 865 2343 hoc
889 2269 985 2344 mele
1013 2271 1084 2344 sibi
1109 2271 1341 2350 constantem
1358 2277 1476 2352 mderi
1522 2302 1615 2366 osse,
1644 2272 1748 2372 quod
1764 2272 1847 2370 e‘pi·

271 2366 427 2455 stolam,
453 2393 549 2463 quae
574 2370 726 2454 dicitur,
752 2367 938 2438 Petrinum
961 2368 1073 2440 Petro
1094 2372 1265 2466 apostolo
1298 2373 1378 2448 aliis
1403 2374 1443 2451 in
1464 2305 1570 2448 tilris
1599 2371 1846 2445 indubitatam

268 2461 450 2536 tribuerit.
472 2463 508 2560 *)
566 2467 618 2538 At
648 2486 751 2536 vero.
767 2458 824 2534 his
849 2487 930 2534 non
954 2462 1005 2534 ita
1030 2489 1209 2556 moveor,
1246 2483 1288 2539 ut
1308 2471 1545 2569 Mingarellio
1563 2471 1620 2566 **)
1653 2469 1843 2560 assentiar,

270 2577 408 2637 temere
431 2561 464 2634 si
490 2559 582 2658 quid
603 2559 714 2635 video
737 2559 958 2658 suspicanti,
985 2574 1127 2654 „totam
1153 2562 1301 2638 alterius
1327 2593 1384 2666 ep.
1411 2567 1530 2656 Petu,
1557 2567 1849 2640 Enarrationem'

269 2656 527 2732 brevissimam
555 2683 645 2732 sane
671 2670 707 2730 et
728 2657 981 2757 imperfectam
1007 2673 1070 2732 aut
1091 2659 1244 2761 Didymi
1269 2663 1379 2761 plane
1399 2655 1478 2738 non
1503 2689 1602 2756 esse,
1627 2677 1691 2735 aut
1712 2661 1759 2736 ab
1783 2663 1841 2754 iis,

271 2783 433 2856 quorum
458 2759 670 2846 interesset,
704 2753 763 2832 vel
792 2781 946 2856 prauam
968 2755 1176 2830 doctrinam
1202 2757 1421 2854 obtrudere,
1448 2760 1506 2835 vel
1528 2761 1681 2863 Didymi
1704 2786 1844 2834 nomen

263 2853 395 2932 ¹multis
427 2854 517 2928 olim
547 2867 635 2953 post
672 2851 750 2950 ejus
791 2867 949 2957 mortem
986 2855 1146 2929 invisum
1185 2857 1339 2932 infamia
1373 2859 1538 2950 afficere,
1580 2859 1842 2960 interpolatam

264 2954 411 3044 luisse,
431 2966 494 3045 aut
516 2979 601 3026 eum
626 2951 798 3042 tandem,
831 2979 947 3051 quum
971 2949 1090 3028 libros
1115 2953 1162 3027 de
1188 2957 1368 3031 Trinitate
1401 2959 1571 3030 extremis
1604 2957 1698 3032 vitae
1717 2957 1840 3030 'antris

270 3049 550 3149 conscripserit,
584 3049 820 3164 opinionem,
853 3077 966 3148 quam
1007 3066 1111 3126 antea
1146 3051 1335 3150 amplexus
1360 3055 1507 3148 suisset,
1541 3081 1605 3128 seu
1632 3053 1839 3128 dubitatio·

269 3173 357 3220 nem
383 3173 533 3222 omnem
548 3147 768 3246 .ab]ecisse.''
791 3188 842 3204 -
892 3149 1039 3222 Etenim
1057 3147 1290 3257 religiosior,
1332 3181 1444 3255 quam
1476 3152 1598 3232 verior
1628 3151 1721 3227 mihi
1751 3153 1840 3252 qui-

263 3415 268 3424 ’
381 3416 657 3509 παρελεύσονται,
675 3417 733 3515 οὐχ
753 3417 796 3500 rie
814 3418 1055 3530 duollvpf'rorr
1074 3429 1162 3536 λε’ρει
1185 3431 1251 3536 reip
1272 3423 1438 3517 οὐρανῶν,
1469 3425 1539 3498 ἄλλ’
1571 3425 1613 3506 de
1635 3423 1839 3529 ἆναστριχιι-

266 3531 270 3534 ·
379 3507 596 3590 cortevecele
616 3509 790 3589 κρείττονα
810 3512 913 3596 λῆξιν.
953 3511 1061 3600 ὡσπερ
1082 3537 1146 3599 γαρ
1166 3538 1207 3581 τα
1228 3517 1373 3612 perderes
1393 3507 1838 3614 superstitiosorum
1959 3535 1963 3542 ·

379 3583 419 3688 τὸ,
440 3587 602 3672 μηδαμῶς
620 3593 706 3657 εἶναι
727 3603 833 3678 χωρεῖ,
854 3587 937 3661 ἄλλα
956 3589 1201 3676 ἄναναινίζεται
1223 3603 1270 3671 εἰς
1293 3595 1498 3683 αφθαρσίαν·
1528 3621 1614 3664 οντα
1639 3598 1695 3662 acl
1714 3593 1757 3662 ταὶ
1779 3619 1838 3662 ou·

318 3723 322 3732 .
378 3693 479 3767 ρανια
500 3667 646 3772 ,adsecuta
675 3666 731 3738 rad
762 3675 821 3740 τοῦ
844 3677 1051 3759 δηλαυμέναν
1074 3674 1178 3762 ιινρόε
1199 3674 1464 3758 α’ναιιαινίζιται,
1493 3671 1758 3764 ἔλευθεροιλμενα
1781 3679 1836 3742 sol

379 3745 466 3820 cord
489 3777 557 3820 erro
577 3779 636 3852 τηρ
661 3754 811 3854 dupliciae
827 3759 887 3842 τῆς
900 3763 1046 3844 φθορᾶς,
1067 3759 1108 3834 rie
1125 3760 1144 3828 d
1159 3755 1343 3835 sinisterior
1364 3754 1499 3834 Παὺλός
1521 3761 1727 3848 φηαιρΡιοιΉ·
1740 3759 1837 3832 Vlll·

266 3863 270 3870 ·
379 3843 431 3933 29·
451 3845 502 3904 21·
523 3869 564 3882 -
592 3861 632 3903 ov
658 3862 769 3922 μονον
796 3833 860 3924 γαρ
888 3839 1002 3926 ἡμεῖς,
1039 3837 1122 3909 α’λλᾶ
1150 3839 1245 3929 καὶὴ
1267 3846 1342 3929 περὶ
1365 3839 1457 3928 οἶμαι
1477 3838 1627 3928 ὁρωμένη
1654 3841 1836 3914 retractet

265 3963 269 3970 ,
377 3911 589 4064 ipmplppplrgoiv
640 3943 756 4065 appulae
780 3915 940 4088 &17²2erng
970 3925 1225 4026 συμριιθὲξουσα
1261 3925 1321 4010 τῆς
1355 3887 1451 4012 νλμῶν
1476 3918 1722 4011 imperativam·
1765 3922 1835 3990 cff-

332 4107 366 4185 *)
386 4101 456 4167 cfr.
477 4107 516 4168 de
535 4109 656 4174 Trinit.
677 4110 704 4175 1.
725 4109 804 4196 Cap.
825 4123 877 4186 29.
903 4133 935 4200 p.
955 4123 1007 4189 39.
1029 4135 1074 4193 a,
1095 4115 1167 4196 ubi,
1190 4117 1276 4182 Petri
1297 4112 1515 4192 sermonibus,
1536 4113 1590 4198 qui
1612 4113 1686 4178 Act
1708 4114 1764 4195 X,
1783 4119 1836 4190 42.

265 4215 270 4223 .
379 4187 719 4339 ὣώῑρὲὲἓόιρὴέἒε
748 4195 914 4342 'zizimi’
941 4199 1131 4330 nominatim
1150 4199 1421 4345 commemppptis,
1442 4198 1632 4304 teremit}
1658 4193 1749 4358 (α’λλίλ
1778 4204 1834 4306 ναξ
1933 4311 1937 4316 ¹

380 4293 410 4414 i·
429 4357 484 4428 θ.)
505 4358 625 4440 ἔχοντα
645 4359 699 4422 καλ
720 4290 1504 4439 ioremiuridiriiiiidiiiriareliwdiElicii·iiiii-iiiiii
1526 4304 1658 4424 ίλλλλλλλελι]
1674 4303 1834 4445 rpodrpop

310 4497 314 4508 ,
381 4443 432 4504 32.
449 4455 486 4520 p.
506 4441 560 4505 43.
584 4457 610 4500 a.
630 4437 657 4518 l,
678 4447 727 4510 16.
748 4460 782 4525 p.
801 4450 833 4512 7.
853 4440 883 4504 b.
905 4455 955 4522 11,
975 4464 1002 4512 a.
1025 4445 1051 4520 1,
1071 4456 1122 4515 28.
1143 4466 1178 4530 p.
1196 4455 1250 4518 37.
1269 4445 1300 4509 b.
1321 4467 1357 4510 ac
1376 4446 1487 4518 multis
1508 4446 1574 4510 aliis
1595 4445 1629 4508 in
1650 4445 1738 4510 locis.

260 4593 264 4606 .
287 4541 356 4621 „**)
377 4539 455 4610 vict.
478 4543 663 4616 Comment.
685 4546 726 4612 de
744 4546 877 4626 libiade
897 4551 1017 4628 Triuit.
1038 4563 1075 4635 l,
1096 4565 1146 4626 15.
1167 4573 1201 4640 p.
1212 4564 1264 4628 21.
1325 4601 1339 4619 .,
1407 4633 1408 4636 ¹
