4608 5460
1006 413 1383 517 ,--ιι--

412 629 477 720 huj
480 623 636 697 asmodi
646 623 770 716 opinio
796 619 889 691 salsa
914 641 992 692 csse
1017 589 1248 714 dignoscitur.
1296 617 1383 690 Duo
1405 619 1580 696 adventus
1600 632 1684 694 sant
1702 623 1846 694 Christi.
1881 619 2001 694 Unus

285 799 288 810 ,
385 653 557 820 quidem
598 719 849 815 intelligibilis,
890 720 1090 792 secundum
1122 745 1239 815 quem
1264 721 1443 815 recipitur
1474 732 1661 816 tamqnam
1700 723 1802 793 Deus
1837 713 2013 811 verbum:

411 827 529 896 Alter
538 846 625 914 varo
651 820 846 910 sensibilis,
884 822 1083 892 secundum
1112 845 1221 914 quem
1256 824 1400 895 videtur
1423 844 1471 890 ex
1497 821 1623 892 Μιιιι
1638 845 1890 938 progressus·
1928 825 2015 894 Sed·

408 906 573 1000 ιιιιιιιιοι
571 921 847 1020 intelligibilis,
885 945 995 1016 quam
1033 921 1261 1012 sensibilis,
1289 923 1378 1016 qui
1374 924 1503 992 etiam
1543 924 1665 1016 pravis
1706 923 1913 1002 hominibus
1948 917 2012 994 ιιι

394 1027 567 1096 'collatus
632 1022 833 1093 omnibus„
849 1024 971 1116 itaque
1011 1025 1165 1110 sanetis,
1210 1023 1272 1116 qui
1300 1032 1384 1122 post
1415 1023 1609 1094 adventurn
1643 1022 1810 1111 fierunt,
1846 1033 1884 1093 et
1916 1027 2002 1117 anie
2121 1045 2124 1052 ·

409 1129 645 1238 advemum,
655 1111 954 1237 intelligibiliter
949 1121 1142 1194 adveniens
1168 1119 1239 1191 Dei
1264 1123 1435 1210 verbum,
1459 1124 1700 1241 proportione
1724 1135 1896 1214 actuum,
1909 1149 2000 1220 quos
2042 1177 2046 1184 ,
2134 1121 2136 1130 ’

346 1297 351 1309 ,
410 1221 656 1318 unusquisque
677 1224 798 1314 gessit,
824 1219 1069 1316 sanctificat*)
1091 1245 1174 1311 eos,
1200 1223 1329 1316 quibus
1350 1224 1585 1317 semetipsum
1608 1223 1780 1296 decenter
1801 1227 1998 1314 irradiavit,

335 1389 341 1396 .
412 1349 487 1394 non
522 1325 710 1402 minoratis
740 1324 875 1392 scilicet
898 1323 951 1390 eis
973 1333 1124 1416 propter
1147 1322 1351 1394 sensibilem
1379 1325 1639 1416 praesentiam,
1666 1325 1727 1420 qui
1751 1323 1900 1396 fuerunt
1917 1338 2030 1396 ιιιιι1
2066 1331 2077 1337 ’

410 1430 489 1518 ejus
507 1425 723 1496 adventum.
767 1422 851 1492 Non
878 1423 975 1492 enim
1000 1434 1151 1516 propter
1175 1424 1369 1509 malitiam,
1389 1425 1494 1493 sed
1504 1436 1655 1518 propter
1677 1426 1851 1519 temporis
1873 1427 2002 1500 diver-

410 1531 565 1596 sitalem
584 1523 654 1594 boc
675 1524 835 1595 adventu
862 1521 936 1593 frui
972 1526 1222 1616 nequiverunt.
1289 1525 1420 1616 Igitur
1438 1523 1523 1592 licet
1554 1525 1755 1618 prophetae
1784 1531 2001 1619 perscrutati

410 1637 514 1713 sunt,
547 1627 598 1694 in:
608 1617 706 1717 quod
731 1622 805 1694 vel
813 1623 918 1716 quale
943 1633 1087 1716 tempus
1107 1621 1217 1700 finem
1241 1626 1420 1716 acciperet
1445 1627 1648 1694 animarum
1671 1625 1778 1714 salus,
1802 1637 1840 1694 et
1865 1627 1998 1698 Christi

412 1729 557 1804 tierent
571 1725 781 1817 passiones,
809 1733 847 1792 et
870 1734 997 1817 postea
1017 1724 1173 1816 gloriae-3
1206 1735 1457 1817 cognoverunt
1475 1735 1597 1797 ιιιηιιι
1632 1749 1701 1819 per
1730 1725 1998 1817 revelationem,

412 1849 520 1920 quam
534 1826 598 1916 **)
617 1823 805 1910 nonsibi,
829 1825 893 1892 sed
918 1825 989 1912 eia,
1012 1827 1077 1920 qni
1099 1835 1181 1918 post
1202 1826 1398 1894 adrentum
1426 1825 1505 1916 ejus
1525 1836 1630 1893 erant
1652 1826 1786 1912 futuri,
1813 1827 1999 1898 ministra-

411 1927 498 1998 bant
530 1927 632 2000 baec.
690 1924 776 1994 Non
814 1947 902 2016 ergo
940 1928 1120 1993 minorem
1156 1926 1384 1992 sanctitatem
1425 1945 1552 2023 eprum
1586 1938 1665 1995 esse
1707 1927 1899 1997 dicendum
1933 1931 2000 2018 est,

291 2059 294 2064 ²
332 2081 361 2098 ν,
412 2027 558 2122 quando
579 2025 795 2096 diviniorem
819 2022 885 2094 filii
908 2024 980 2107 Dei
1005 2025 1250 2117 praesentiam
1273 2004 1488 2094 habuerunt.
1541 2025 1737 2114 Quomodo
1759 2029 1858 2098 enim
1879 2031 2001 2100 minor

411 2128 566 2218 alicujus
577 2148 730 2212 eorum,
755 2126 817 2216 qni
838 2135 921 2216 post
946 2126 1145 2204 erlvenium
1167 2125 1334 2211 fuertmt,
1352 2125 1541 2195 videbitur
1565 2123 1760 2214 Abraham,
1785 2131 1848 2222 qui
1873 2129 1997 2222 Deum
2034 2147 2042 2156 “

411 2227 518 2313 vidit,
541 2249 625 2295 eum
650 2246 776 2294 omnes
798 2226 943 2316 ιιιιιιιιο,
968 2227 1037 2341 qui·
1054 2219 1255 2294 secundum
1274 2177 1469 2294 Christum
1493 2223 1727 2314 liniuntur,
1713 2249 1753 2297 ιη
1781 2229 1862 2318 ejus
1880 2227 2010 2302 sinum·
2122 2235 2129 2244 “

410 2319 715 2442 proficiscuntur?
767 2325 963 2414 Quomodo
988 2327 1149 2394 minores
1170 2335 1277 2394 erunt
1297 2324 1444 2416 Moyses
1472 2335 1509 2393 et
1528 2325 1637 2412 Elias,
1659 2327 1720 2421 qui
1745 2329 1864 2398 Jesn
1853 2351 1890 2398 m
1915 2329 1998 2424 glo'-

378 2426 721 2497 ³1iatranformati
749 2425 867 2494 simul
885 2435 1151 2542 apparuerunt,
1188 2423 1275 2494 licet
1298 2447 1372 2494 ηοη
1400 2425 1555 2496 tulerint
1589 2427 1804 2498 sensibiliter
1829 2451 1914 2501 eum
1951 2433 1993 2501 de

412 2526 561 2619 Virgine
589 2521 850 2620 procreatum?
895 2525 995 2620 Non
1024 2525 1121 2605 enirn
1121 2505 1422 2644 ‚praeponendus
1459 2535 1512 2594 est
1538 2527 1618 2615 eis,
1642 2528 1703 2620 qui
1739 2529 1997 2637 intelligibilem

410 2631 604 2698 adventum
631 2628 746 2724 ejus
734 2625 953 2713 habuerunt,
974 2623 1045 2720 ille,
1070 2626 1231 2719 quicum
1258 2620 1459 2696 secuudum
1487 2649 1633 2700 caruem
1656 2626 1757 2724 vidit,
1780 2625 1866 2698 dum
1888 2630 1992 2705 multi

412 2731 520 2796 etiam
546 2730 758 2820 peccatores
782 2725 851 2796 hoc
877 2725 1042 2796 viderint.
1093 2724 1203 2815 Quod
1225 2737 1348 2802 autem
1384 2735 1420 2796 et
1451 2717 1622 2822 peccator
1651 2729 1767 2815 videt,
1795 2716 1943 2798 ιηιιιιο
1931 2751 1991 2798 ιιι-
2038 2725 2078 2824 ’ἢ

411 2829 523 2914 terius
549 2837 603 2896 est
619 2825 708 2913 ιιιο,
738 2826 853 2919 quod
856 2827 962 2905 veuit
993 2827 1040 2894 ad
1073 2825 1168 2894 solos
1197 2835 1350 2897 sanctos.
1411 2825 1634 2898 Perseotiore
1668 2853 1772 2900 vero
1775 2827 1991 2944 probatione

411 2909 481 2998 hoc
508 2927 725 2998 dicendum
726 2938 793 3000 est:
826 2925 996 3019 ap‘ostolis
1026 2925 1145 2998 nullus
1176 2935 1230 2998 est
1253 2927 1380 2998 celsior
1410 2925 1481 3014 lide
1512 2937 1575 2998 aut
1601 2925 1874 3004 conversatione
1899 2928 1993 2998 inter

409 3053 489 3115 eos,
525 3012 587 3120 qui
624 3027 756 3097 Christi
802 3049 915 3126 evang
897 3027 1026 3119 vellum
1064 3034 1147 3094 sunt
1181 3027 1310 3115 secuti,
1351 3027 1414 3096 sed
1453 3037 1571 3122 neque
1611 3029 1773 3117 Joanne,
1821 3027 1992 3122 Baptista.

409 3131 519 3198 Putas
552 3151 660 3222 ergo,
698 3117 794 3222 quod
824 3127 881 3212 hi,
921 3151 1010 3222 quos
1040 3127 1227 3218 contigerit
1263 3128 1359 3196 circa
1393 3126 1505 3214 finem
1540 3129 1668 3198 mundi
1704 3131 1918 3215 consistere,
1956 3137 1992 3193 et
2118 3207 2122 3212 .

392 3229 565 3317 ‚viderint
596 3230 791 3304 secundam
823 3237 859 3296 et
892 3227 1085 3319 gloriosam
1115 3227 1251 3295 Christi
1275 3229 1537 3320 praesentiam,
1581 3228 1754 3298 beatiores
1781 3237 1890 3296 erant
1913 3224 1991 3295 Ba·

408 3333 515 3422 ptista
537 3340 573 3395 οι
598 3330 729 3413 sanctis
754 3325 948 3422 apostolis?
982 3326 1101 3398 Absit!
1128 3327 1258 3406 Nullus
1274 3329 1370 3398 enim
1395 3328 1444 3398 sic
1466 3327 1576 3396 hebes
1599 3337 1664 3416 est,
1688 3327 1883 3421 praecipue
1905 3349 1991 3396 ιιιιιι

409 3431 455 3498 sit
488 3422 645 3544 ιιιιιιιιιι,
682 3429 780 3521 quod
816 3428 980 3496 nullus
968 3451 1008 3523 ιη
1043 3428 1204 3497 humano
1245 3451 1377 3520 genere
1411 3427 1531 3519 major
1563 3428 1608 3496 sit
1646 3427 1809 3530 Baptista
1840 3427 1992 3504 Joanne

408 3530 522 3620 igitur
560 3531 591 3597 si
629 3551 704 3596 non
731 3527 979 3613 minorantur,
1021 3529 1084 3628 qui
1119 3535 1197 3597 non'
1220 3529 1375 3601 viderint
1414 3527 1648 3614 sensibiliter,
1689 3527 1755 3600 sed
1792 3529 1991 3619 secundum
2113 3597 2119 3612 ,

406 3629 704 3746 praesentiam,
681 3627 855 3715 abillis,
897 3630 961 3722 qui
997 3651 1076 3700 eam
1098 3629 1212 3701 visuri
1241 3640 1362 3719 sunt,-
1355 3651 1497 3723 -neque
1527 3630 1686 3699 minores
1710 3639 1820 3697 erunt
1850 3651 1990 3717 eorum,

410 3732 471 3823 qui
507 3728 721 3802 sensibiliter
765 3728 965 3801 seeundum
1009 3707 1233 3823 evangelium
1285 3729 1590 3824 dispensationem
1636 3729 1768 3798 Christi
1811 3727 1990 3814 viderunt

249 3893 253 3902 .
291 3899 295 3918 ,
408 3829 621 3900 Necessario
647 3828 822 3924 siquidem
850 3829 940 3899 haec
965 3831 1121 3900 diximus
1146 3840 1298 3925 propter
1320 3854 1400 3917 cos,
1424 3831 1486 3922 qui
1507 3831 1665 3898 minores
1691 3828 1827 3900 faciunt
1851 3827 1989 3928 priseos

338 4012 341 4020 ¹
407 3933 569 4024 posteris
631 3929 741 4018 Multi
766 3941 850 4000 sunt
874 3932 1008 4000 etenim
1036 3933 1144 4000 etiam
1167 3931 1455 4016 haereticorum,
1497 3927 1558 4028 qui
1591 3929 1673 4002 hac
1689 3926 1799 3996 falsa
1812 3931 1989 3997 sententia
2043 4003 2047 4012 ,

342 4031 346 4038 ’
406 4033 649 4118 seducuntur,
674 4031 891 4100 desiderium
914 4031 1088 4130 habentes
1114 4033 1333 4118 maximum,
1361 4041 1402 4103 ut
1428 4033 1541 4122 veteri
1567 4031 1740 4126 derogent
1764 4036 1989 4124 testamento.
2016 4047 2018 4054 '

406 4133 477 4200 Sed
516 4143 552 4198 et
581 4130 637 4198 his
665 4127 857 4201 dicendum
899 4135 971 4227 est',
1011 4123 1202 4226 quoniam,
1230 4143 1267 4202 e't
1303 4133 1334 4201 si
1371 4153 1446 4199 non
1476 4111 1645 4206 viderunt
1680 4139 1742 4196 aut
1773 4129 1987 4214 sensibiliter

382 4231 619 4338 audierunt,
642 4245 747 4360 quae·
766 4231 856 4302 dixit
888 4233 991 4305 lesus
1025 4243 1061 4304 et
1094 4233 1200 4322 fecit,
1239 4223 1490 4306 verumtamen
1521 4229 1739 4302 desiderium
1772 4229 1990 4302 habuerunt

379 4597 382 4600 Ι
470 4501 567 4583 *)lta
589 4499 675 4566 Gall.
695 4499 820 4568 Antea:
843 4499 1105 4590 sanctificant,
1122 4503 1220 4601 quod·
1230 4497 1311 4568 ferri
1328 4503 1452 4592 nequit.
2030 4589 2037 4606 ι

447 4613 699 4699 **)Legendum
722 4611 851 4682 iidetur
872 4633 1037 4704 quoniam
1059 4613 1153 4701 (ιιι)
1195 4615 1385 4682 Gallandius
1407 4618 1522 4682 habat:
1531 4635 1629 4702 qua,
1660 4613 1705 4679 ἰι
1733 4612 1924 4693 ιοηιιιιιιι.
