4586 5458
873 395 1302 536 -19-'

252 642 440 742 exemplar
474 630 665 712 Graecum*
686 623 820 707 Latino
857 634 974 705 multo
1002 631 1148 729 longius
1181 633 1292 704 fuisse
1319 633 1556 731 suspicemur.
1619 634 1732 730 Cujus
1765 639 1820 711 rei

251 739 418 840 exempla
440 736 693 811 manifestiora
719 731 972 830 suppeditabit
992 729 1185 803 annotatio
1203 732 1440 804 Enarrationi
1455 733 1564 804 nobis
1580 732 1819 828 subjicienda.

251 841 352 934 Quid
385 831 529 911 multa?
587 833 739 921 Dicam,
779 829 883 930 quod
916 828 1045 902 sentio.
1115 827 1367 928 Epiphanius,
1412 830 1476 930 qui
1510 833 1817 906 commentarium

249 952 421 1012 nostrum
454 963 498 1008 ex
523 929 669 1006 Graeco
688 928 868 1002 Latinum
901 929 1008 1020 serit,
1042 927 1188 1001 videtur
1209 927 1299 1000 mibi
1324 930 1476 1029 quidem
1502 955 1546 1002 ex
1572 955 1617 1002 co
1640 943 1818 1022 catenam,

249 1052 292 1110 ut
315 1053 405 1108 tunc
428 1034 545 1104 moris
571 1031 657 1120 fuir,
691 1030 929 1102 summarium
948 1027 1234 1126 composuisse,
1266 1028 1338 1117 ita,
1372 1043 1414 1100 ut
1437 1029 1485 1100 ad
1509 1027 1613 1100 libita
1636 1030 1820 1101 omitteret

249 1161 294 1208 ac
319 1133 425 1232 quasi
450 1132 698 1203 interverteret
733 1152 794 1218 ea,
836 1153 930 1244 quae
964 1127 1035 1224 ipsi
1060 1141 1123 1198 aut
1154 1125 1370 1200 offensionis
1389 1126 1536 1225 aliquid
1562 1125 1720 1218 habere,
1758 1143 1820 1200 aut

249 1235 375 1307 nunus
401 1227 608 1302 necessaria
632 1238 695 1296 aut
717 1223 934 1300 obscuriora
963 1227 1042 1300 visa
1075 1223 1238 1298 fuissent,
1297 1228 1400 1317 Quae
1432 1224 1588 1296 mirifice
1614 1226 1823 1299 confirmass

249 1345 312 1402 tur
339 1319 501 1427 suspicio
534 1342 599 1416 eo',
636 1324 844 1424 quod'ipse
877 1329 1011 1398 fatetur
1046 1325 1311 1414 Cassiodorus,
1345 1324 1409 1422 qui
1443 1320 1656 1422 Epiphanio
1688 1340 1817 1398 auctor

249 1430 321 1501 fuit
351 1425 663 1524 interpretationis
697 1423 774 1518 sive
799 1425 978 1500 versionis
1009 1422 1160 1522 Didymi
1184 1422 1355 1514 latinae,
1394 1421 1697 1495 adumbrationes
1731 1423 1818 1495 Cle-

250 1526 384 1598 mentis
402 1521 679 1614 Alexandrini,
698 1534 739 1596 ut
771 1541 867 1620 quae
892 1522 1104 1598 viderentur
1130 1520 1245 1593 multa
1272 1522 1459 1594 continere
1489 1519 1584 1594 male
1609 1536 1732 1613 cauta,
1766 1521 1819 1592 ita

252 1623 442 1717 transferri
468 1634 558 1693 a'se
575 1620 701 1716 'jussas
735 1633 833 1714 esse,
860 1633 914 1710 ‚ut
936 1614 1167 1692 offendiculis
1201 1619 1354 1692 exclusis
1387 1621 1549 1692 securius
1581 1619 1668 1691 inde
1693 1632 1819 1718 posset

252 1719 392 1792 hauriri
418 1719 610 1792 doctriua·
644 1719 751 1793 Num·
773 1721 879 1792 enim·
896 1727 1025 1817 putas,
1051 1717 1243 1810 Didyma,
1275 1719 1338 1814 qui
1360 1716 1434 1810 jam
1460 1718 1601 1791 dudum
1622 1717 1816 1790 haerescos

251 1819 498 1916 origenianae
523 1821 663 1892 crimen
689 1818 788 1914 apud
810 1811 941 1915 vulgus
964 1817 1189 1906 incurrerat,
1214 1814 1369 1888 feliciori
1397 1815 1582 1888 Clemente
1608 1817 1817 1914 contigisse,

209 1922 213 1930 ’
249 1929 291 1987 nt
312 1917 511 1990 Enarratio
537 1917 653 2014 ipsius
674 1915 971 2012 sub'·Epiphanii
995 1912 1168 2011 auspiciis
1193 1913 1459 2012 manibusque,
1493 1915 1721 1988 emaculandi
1745 1943 1816 1988 ne-

252 2011 366 2110 gotio·
387 2017 465 2104 sere
484 2017 688 2112 imperato,
722 2015 916 2086 imminuta
939 2026 1049 2110 atque
1086 2013 1230 2107 integra
1256 2013 1355 2111 apud
1381 2012 1535 2086 Latinos
1560 2013 1818 2113 evulgaretur?

251 2113 392 2185 Posses·
409 2113 560 2212 quidem
591 2137 634 2184 ex
667 2110 752 2184 loco
782 2112 994 2184 Cassiodori
1027 2115 1145 2208 supra'
1163 2108 1273 2182 allato
1304 2109 1376 2183 boc
1401 2114 1486 2183 Tuo
1517 2111 1596 2206 jure
1622 2112 1816 2207 conjicere,

254 2209 431 2282 Codicum
447 2211 707 2286 Enarrationis
730 2212 936 2298 Graecum,
973 2208 1290 2307 qui'Cassiodoro
1315 2207 1459 2282 oblatus
1485 2223 1559 2302 cst,
1597 2237 1675 2283 non
1699 2226 1815 2284 totam
1927 2211 1930 2218 ’

254 2332 356 2397 eam,
392 2307 457 2378 sed
479 2309 619 2378 dudum
642 2332 664 2374 a
686 2307 838 2377 Graecis
868 2307 907 2377 in
935 2320 1082 2392 catenae
1114 2308 1338 2404 breviarium
1369 2308 1555 2382 redactam
1582 2311 1814 2382 continuisse.

257 2405 326 2476 Cui
358 2428 436 2475 non
469 2425 716 2502 repugnarem
748 2400 918 2500 equidem
944 2403 1197 2495 conjecturae,
1233 2405 1349 2476 modo
1375 2407 1631 2480 En'arrationis
1657 2411 1703 2478 ea'
1724 2423 1816 2481 esset
1912 2423 1914 2428 ’

254 2501 377 2572 forma
412 2526 457 2574 ac
493 2498 735 2596 compositiof,
780 2497 898 2597 qualis
931 2515 1142 2574 catenarum
1173 2502 1400 2575 Graecarum
1433 2529 1511 2576 esse
1547 2504 1660 2597 solet,
1702 2531 1814 2577 accu-

255 2600 371 2671 ratior
396 2612 431 2671 et
455 2596 693 2697 aequabilior.
745 2598 928 2691 Quocirca
960 2600 1095 2671 rectius
1119 2597 1333 2697 Epiphanio
1363 2602 1485 2701 operis
1511 2604 1649 2697 nostri,
1688 2605 1718 2678 si
1741 2630 1814 2704 qua

257 2697 353 2770 iacta
377 2710 450 2789 est,
474 2696 654 2772 mutilatio
680 2698 756 2774 sive
780 2698 1041 2794 compendium
1066 2698 1212 2771 crimini
1239 2697 1395 2773 dabitur.
