4608 5460
876 443 1215 548 -172-

254 669 335 720 eam
368 665 446 716 non
481 639 710 740 singularum
743 664 878 714 vocum
916 652 952 710 et
976 637 1262 727 sententiarum,
1299 637 1364 711 sed
1397 663 1524 718 earum
1555 645 1828 738 tantummodo,

252 767 346 840 quas
384 738 534 812 uberius
569 739 750 812 illustrare
777 739 941 837 Didymo
974 734 1169 834 placuerit,
1208 734 1422 809 liberiorem
1457 762 1605 810 esseae
1634 732 1740 837 qdasi
1766 767 1830 815 se-

251 839 385 912 lectam
422 835 701 934 explicationem
734 837 868 907 statuit.
937 836 1041 924 Quae
1079 835 1111 906 si
1150 859 1238 908 vera
1279 849 1373 906 esset
1413 834 1602 919 Guericlrii
1639 841 1829 933 sententia,

255 937 386 1008 eodem
413 933 493 1028 jure
526 959 655 1032 posses
688 957 843 1030 negare,
885 931 1089 1029 Didymum
1122 933 1161 1004 in
1192 933 1287 1003 Acta
1312 931 1568 1030 apostolorum
1594 952 1831 1010 commenta-

254 1035 354 1106 rium
383 1033 582 1130 scripsisse.
633 1029 748 1124 Cujus
775 1029 1029 1102 commentarii
1055 1029 1224 1127 quamvis
1246 1027 1337 1100 nihil
1362 1043 1507 1126 praeter
1530 1029 1676 1126 eclogas
1697 1058 1829 1131 exege-

252 1133 344 1204 ticas
368 1128 538 1204 relictum
560 1126 674 1217 nobis
696 1127 762 1219 sit,
783 1153 827 1200 ea
850 1141 974 1198 tamen
1000 1141 1056 1198 est
1077 1126 1214 1200 harum
1240 1126 1452 1224 eclogarum
1478 1128 1671 1200 manifesta
1693 1131 1826 1223 forma,

252 1243 296 1304 ut
319 1226 469 1305 Wolfio
496 1226 690 1315 assentiar,
728 1225 794 1322 qui
821 1250 865 1296 ex
894 1225 985 1322 ipsis
1009 1223 1174 1323 reliquiis
1199 1224 1405 1318 Didymum
1429 1225 1469 1296 in
1495 1229 1611 1304 Actus
1643 1227 1828 1323 apostoli,¹

254 1352 320 1400 cos
350 1324 658 1398 commentarium
691 1335 773 1394 toto
798 1320 895 1395 libro
928 1324 1174 1420 pertinentem
1206 1323 1394 1420 scripsisse
1426 1321 1652 1417 argumentis
1685 1324 1829 1400 idoneis

251 1421 428 1523 probarit
441 1424 487 1518 *).
538 1424 583 1492 In
607 1445 683 1518 qua
707 1421 923 1519 quaestione
947 1446 1026 1492 non
1051 1419 1419 1518 praetermittendum
1444 1433 1499 1490 est
1522 1418 1580 1510 id,
1608 1421 1711 1516 quod
1736 1448 1827 1520 gra·-

254 1521 447 1596 vissimum
471 1531 547 1608 est,
578 1520 864 1594 Enarrationem
888 1516 1000 1590 nobis
1025 1543 1104 1590 non
1129 1532 1246 1592 totam
1272 1515 1436 1590 relictam
1459 1542 1555 1606 esse,
1585 1519 1650 1588 sed
1675 1519 1829 1594 mutila-

253 1632 331 1694 tam
357 1617 481 1789 rpultis
514 1628 557 1690 nt
579 1615 724 1698 ridetur
748 1617 788 1692 in
812 1613 925 1708 locis,
963 1615 1010 1688 de
1044 1642 1119 1715 qua
1149 1643 1190 1691 re
1215 1643 1303 1692 mox
1336 1614 1488 1692 uberius
1512 1611 1623 1690 nobis
1651 1619 1718 1692 erit
1746 1617 1827 1712 glis..

254 1741 360 1792 seren
387 1741 463 1790 um.
1220 1755 1221 1760 1

363 1911 488 1986 Habet
514 1925 705 2010 praetcrea
736 1926 866 1988 nostra
897 1913 1094 1986 Enarratio
1122 1911 1197 1986 hoo
1226 1909 1298 1986 sibi
1322 1912 1537 2011 proprium,
1574 1926 1616 1982 ut
1641 1914 1827 2012 interpre-

251 2009 369 2095 tando
399 2011 641 2082 Manichacus
665 2012 848 2108 imprimis
882 2037 1086 2108 eorumque
1115 2036 1260 2084 errores
1283 2012 1445 2084 netarios
1469 2007 1610 2105 ubique
1640 2013 1828 2106 ,perstrin-

252 2121 316 2204 gat
342 2119 453 2203 atque
479 2107 695 2198 convincat,
730 2106 857 2182 veliis
881 2107 922 2180 in
947 2105 1061 2197 locis,
1094 2104 1160 2178 ubi
1184 2133 1295 2180 causa
1316 2106 1375 2180 vel
1401 2107 1555 2180 materia
1580 2121 1710 2180 contra
1735 2109 1828 2184 istos

252 2204 466 2302 disputandi
503 2204 580 2280 fere
611 2202 715 2278 nulla
747 2205 866 2278 inesse
901 2203 1056 2277 videtur.
1124 2203 1181 2276 Ac
1218 2205 1322 2297 vide,
1360 2204 1553 2304 quomodo
1586 2201 1645 2277 his
1675 2232 1826 2304 quoque

252 2301 503 2394 Didymianus
530 2300 789 2372 Enarrationis
815 2313 963 2372 nostrae
989 2325 1071 2372 mos
1097 2315 1207 2396 atque
1229 2304 1418 2398 ingenium
1444 2300 1556 2377 nobis
1576 2325 1654 2374 sese
1680 2305 1826 2400 prodat.
1876 2326 1884 2334 ·
2009 2363 2013 2373 ,

252 2397 401 2470 Etenim
433 2393 739 2465 Manichaeorum
773 2392 943 2466 haeresin
972 2395 1022 2464 ita
1057 2393 1129 2466 sibi
1159 2397 1317 2470 invisam
1349 2397 1499 2488 habuit,
1538 2413 1580 2470 ut
1605 2414 1751 2496 practer
1775 2399 1827 2474 li-

252 2491 385 2583 brum,
422 2515 534 2588 quem
561 2487 607 2561 de
639 2515 682 2562 ea
706 2488 872 2585 scripsit,
911 2487 1155 2586 singularem,
1199 2491 1273 2562 rel*
1291 2495 1332 2564 in
1363 2497 1554 2590 exegeticis
1595 2497 1826 2592 tractatibus,

254 2621 291 2670 v.
318 2616 348 2662 c.
381 2589 422 2660 in
456 2587 724 2660 commentario
760 2587 807 2658 ad
833 2588 928 2660 Acta
956 2601 1073 2684 apost.
1100 2614 1171 2685 pro
1202 2590 1393 2662 communi
1427 2593 1583 2663 istorum
1613 2599 1826 2689 temporum

201 2729 205 2746 ·
254 2701 386 2762 contra
408 2683 579 2760 haereses
603 2683 836 2782 pugnacitate
868 2684 918 2757 ad
952 2708 1034 2758 eam
1059 2685 1330 2782 profligendam
1355 2687 1556 2762 identidem
1579 2695 1824 2790 recurram).

253 2789 304 2864 Et
322 2781 576 2880 Mingarellius
599 2808 709 2872 vero,
735 2809 852 2881 quum
867 2779 1106 2879 intelligeret,
1129 2784 1333 2883 Didymum
1358 2784 1398 2856 in
1424 2785 1670 2858 Enarratione
1696 2803 1825 2864 nostra

251 2887 331 2958 {ere
368 2880 526 2954 nimium
562 2905 641 2954 esse
672 2881 713 2954 iu
746 2879 921 2954 notandis
956 2881 1233 2979 refutandisque
1271 2878 1579 2956 Manichaeorum
1622 2883 1824 2978 erroribus,

255 2977 414 3075 conjecit
435 2979 543 3051 istam
568 3003 614 3052 eo
637 2976 794 3052 consilio
820 2978 1065 3076 compositam
1091 3003 1190 3068 esse,
1217 2985 1285 3052 “ut
1309 2979 1517 3078 pestiferam
1541 2979 1702 3052 Manetis
1726 2979 1825 3056 hae-

251 3079 352 3170 resin
377 3076 617 3150 consuessem
675 3077 809 3150 Posses
830 3075 963 3148 eodem
986 3073 1067 3170 jure
1093 3075 1298 3170 conjicere,
1335 3079 1382 3148 D.
1404 3103 1510 3148 suam
1535 3071 1823 3152 Enarrationem

254 3189 386 3258 contra
420 3172 582 3246 Arianos
612 3188 676 3248 aut
708 3172 967 3265 sabellianos,
1006 3198 1102 3271 quos
1135 3173 1338 3248 identidem
1370 3173 1574 3264 notaverit,
1621 3175 1820 3273 scripsisse.

254 3276 307 3352 At
331 3297 420 3350 vero
441 3268 548 3342 facile
572 3269 659 3347 huic
684 3271 922 3370 supersedere
943 3272 1083 3370 poteris
1108 3269 1351 3365 conjecturae.
1409 3271 1532 3344 Satius
1564 3270 1664 3344 enim
1695 3275 1823 3349 omnia

256 3399 321 3464 ea,
356 3393 451 3470 quae
471 3367 544 3440 huc
567 3370 688 3444 facere
712 3369 905 3461 videntur,
947 3394 992 3442 ex
1016 3366 1201 3466 polemico
1226 3370 1430 3466 scripturae
1456 3394 1578 3450 sacrae
1602 3366 1822 3467 explicandi,

256 3472 331 3544 sire
356 3468 481 3568 potius
504 3465 715 3565 applicandi
763 3491 891 3558 encre,
917 3493 994 3566 quo
1020 3467 1123 3540 istius
1148 3468 1229 3540 aevi
1252 3464 1423 3540 homines
1444 3463 1664 3557 utebantur,
1691 3467 1822 3565 'expli-

256 3565 450 3642 cabuntur.
512 3566 563 3638 Et
587 3589 675 3638 vero
700 3493 793 3638 nihil
817 3578 1006 3664 practerea
1035 3565 1076 3636 in
1095 3578 1225 3652 nostro
1251 3562 1350 3637 libro
1377 3565 1612 3657 continetur,
1648 3589 1726 3668 quo
1751 3566 1821 3642 ista

252 3661 476 3766 Mingarellii
495 3647 707 3761 conjecffiia
732 3674 796 3736 aut
818 3662 1014 3738 secundari
1040 3674 1104 3734 aut
1126 3661 1275 3736 defendi
1295 3663 1422 3763 possit.

365 3862 434 3932 Eis
457 3861 508 3933 ita
533 3861 727 3960 expositis,
763 3860 795 3932 si
825 3860 890 3958 qui
914 3856 1037 3932 adhue
1066 3857 1261 3957 scrupulus
1286 3857 1428 3938 deside
1453 3858 1572 3932 nostri
1600 3856 1723 3954 operis
1747 3856 1820 3929 Di-

255 3957 430 4059 dymiana
453 3954 540 4034 Tibi
564 3958 742 4050 resideat,
765 3957 813 4030 ad
836 3959 920 4030 enm
945 3983 1100 4056 prorsus
1120 3959 1245 4030 animo
1271 3956 1521 4046 evellendum,
1562 3952 1672 4028 velim
1697 3967 1822 4026 atten-

255 4057 323 4128 das
347 4053 712 4152 interpretationibus
736 4056 974 4156 quorundam
999 4057 1038 4130 in
1054 4056 1170 4154 Epist.
1198 4052 1302 4128 Cath.
1326 4053 1495 4128 locorum
1523 4064 1668 4150 praeter
1692 4053 1819 4124 Enar-

255 4151 441 4263 rationem
476 4149 556 4226 aliis
583 4152 759 4232 inlibris
785 4180 808 4232 a
832 4155 995 4256 Didymo
1021 4180 1106 4228 cunr
1132 4155 1356 4257 proprietate
1383 4153 1543 4254 quadam
1568 4175 1612 4230 ac
1637 4161 1818 4228 constan-

260 4425 265 4431 ’
312 4453 343 4537 *)
363 4417 441 4524 vid.
461 4456 587 4520 Anecd.
618 4458 717 4522 Tom.
731 4459 793 4526 tv.
819 4480 852 4545 p.
865 4470 918 4532 ρο.
940 4468 991 4536 29.
1011 4468 1064 4532 as
1084 4461 1143 4524 ret.

293 4563 343 4646 -**)
362 4563 440 4632 vid.
460 4566 546 4652 apud
564 4565 729 4636 Wolfium
757 4589 790 4654 p.
803 4580 853 4644 19.
873 4553 927 4642 32.
