4608 5460
920 1141 923 1146 ·
1038 1097 1077 1186 Ι.

285 1253 289 1261 ’
390 1261 516 1353 Quum
538 1277 622 1338 ante
646 1263 719 1338 bos
743 1275 819 1336 tres
843 1261 920 1334 fere
946 1285 1066 1336 annos
1084 1261 1126 1334 in
1150 1261 1314 1362 epistolis
1332 1263 1369 1337 S.
1385 1262 1537 1336 loannis
1558 1262 1842 1360 interpretandis

278 1351 444 1454 Battum,
466 1362 497 1434 si
517 1362 643 1460 quide
659 1361 717 1436 his
735 1358 900 1460 epistolis
916 1360 1158 1458 scripsissent,
1181 1363 1467 1435 commentarios
1485 1360 1718 1458 anquirerent
1735 1375 1845 1460 atque

277 1453 558 1552 perlustrarem,
579 1460 694 1534 incidi
708 1471 854 1560 praeter
872 1457 945 1532 alia
963 1483 1075 1556 opere
1092 1483 1177 1531 meo
1198 1459 1374 1532 adfinem
1389 1458 1465 1531 sere
1483 1458 1663 1557 perducto
1678 1458 1717 1529 in
1732 1457 1846 1556 paulo

280 1549 536 1650 obscuriorem
553 1556 674 1651 illam,
699 1581 794 1658 quae
809 1555 886 1629 Did
952 1556 960 1574 '
982 1553 1221 1630 Alexandrini
1239 1557 1366 1649 fertur,
1392 1556 1676 1629 Enarrationem
1692 1557 1732 1627 in
1751 1557 1846 1654 Epi-

278 1647 392 1722 stolas
410 1649 618 1728 Catholicae
634 1657 818 1729 Latinam.
863 1582 1031 1728 {labitur
1044 1652 1136 1726 haec
1151 1655 1191 1726 in
1207 1653 1445 1726 Bibliothecis
1463 1657 1628 1743 Patrem,
1651 1654 1849 1730 Parisiensi

279 1747 444 1820 secunda
484 1753 703 1852 Tom.1X.),
727 1755 868 1850 Magna
890 1750 1105 1826 Coloniensi
1128 1753 1257 1843 (Tem.
1277 1753 1383 1847 tu),
1418 1752 1582 1823 Maxima
1604 1750 1848 1847 Lugdunensi

202 1880 210 1888 ·
278 1841 477 1946 (Tole.
502 1901 513 1940 ,
538 1849 784 1924 Gallandiana
802 1851 1013 1947 (Tomvl.)
1062 1851 1212 1923 Nomen
1231 1849 1392 1922 auctoris
1416 1847 1505 1920 olim
1521 1848 1560 1919 in
1582 1846 1732 1919 ecclesia
1750 1847 1850 1918 cele-

278 1937 550 2037 bratissimum,
575 1962 617 2022 ut
642 1945 872 2047 opusculum,
889 1947 1094 2020 accuratius
1119 1946 1360 2046 inspicerem,
1386 1946 1572 2044 permovit
1591 1970 1651 2016 mc
1674 1947 1848 2042 aequasi

277 2036 455 2136 invitavit.
505 2045 655 2143 Exquo
681 2047 948 2120 commentario
975 2044 1006 2116 si
1055 2046 1186 2134 uaeris,
1213 2044 1304 2142 quid
1325 2042 1589 2134 lucrifecerim,
1615 2042 1668 2113 sic
1691 2039 1846 2115 habeto:

277 2157 347 2207 nec
366 2135 545 2234 multum,
569 2167 691 2240 neque
715 2167 804 2215 vcro
827 2141 983 2214 omuino
1004 2142 1041 2212 n'
1071 2138 1115 2212 il!
1156 2143 1276 2214 Habet
1301 2142 1484 2241 Didymus
1504 2165 1583 2212 non
1604 2137 1727 2230 nulla,
1754 2165 1849 2238 quae

276 2253 391 2306 nemo
416 2260 495 2310 non
516 2242 728 2336 probaverit
749 2265 835 2313 rere
859 2252 896 2310 et
918 2238 1103 2335 eleganter
1127 2239 1235 2314 dicta.
1286 2241 1409 2338 Atque
1435 2239 1582 2311 enotavi
1602 2236 1772 2341 equidem
1793 2263 1848 2330 ea,

280 2351 377 2423 quae
393 2329 441 2400 ad
456 2333 794 2428 interpretationem
811 2333 1050 2426 epistolarum
1066 2337 1170 2407 lnam
1186 2338 1308 2408 facere
1327 2334 1567 2427 ridebantur,
1588 2337 1628 2407 in
1650 2360 1847 2407 commcn-

277 2424 362 2497 tarii
380 2426 455 2498 mei
470 2451 517 2524 ap
546 2427 693 2518 endice',
717 2451 813 2525 quae
836 2439 960 2498 tamen
985 2429 1123 2498 omissa
1147 2434 1287 2504 nemini
1307 2433 1611 2506 desiderarentur.
1663 2434 1716 2503 Ut
1731 2431 1848 2504 verbo

277 2517 414 2610 dicam,
438 2453 590 2598 nihilis
602 2523 668 2600 illo
684 2525 951 2599 commentario
967 2525 1019 2596 ita
1039 2523 1130 2598 dixit
1143 2525 1349 2626 Didymus,
1373 2542 1414 2598 ut
1428 2528 1554 2599 locum
1571 2529 1609 2598 iu
1625 2529 1722 2641 Epp.
1742 2529 1848 2602 Cath.

281 2615 474 2716 aliquanto
509 2619 764 2698 obscuriorem
796 2619 855 2696 vel
887 2619 1131 2696 difficiliorem
1164 2625 1283 2721 possit
1312 2622 1425 2697 nobis
1456 2625 1616 2697 neminis
1648 2623 1743 2697 ahus
1769 2652 1848 2796 ope

280 2713 417 2812 adjutis
431 2715 554 2810 ⁴solus
569 2723 756 2804 extricare,
818 2717 1025 2794 sedenim
1049 2721 1090 2794 in
1106 2718 1170 2796 his
1194 2717 1315 2796 bonae
1341 2722 1653 2822 interpretationis
1678 2726 1799 2795 srustu
1815 2726 1845 2798 is

280 2813 361 2888 noli
397 2843 531 2917 operae
568 2845 672 2894 meae
706 2819 866 2919 pretium
897 2819 1091 2916 quaerere!
1141 2819 1256 2911 Quod
1287 2818 1444 2893 lectione
1476 2846 1560 2893 mea
1583 2818 1769 2911 lucrifeci,
1795 2848 1846 2896 ex

280 2937 413 3080 fienere
446 2943 490 2990 ac
523 2920 663 2992 semine
696 2931 752 2992 cst
788 2942 942 3015 prorsus
975 2913 1069 3008 alio,
1110 2915 1212 2990 haud
1244 2943 1333 2992 vero
1363 2917 1647 2991 contemnendo.
1697 2919 1846 2992 Etenim

307 3009 372 3083 um
397 3014 682 3090 Enarrationem
706 3013 860 3114 Didymi
883 3014 1055 3088 attentius
1086 3013 1275 3112 legebam,
1318 3016 1558 3088 animadverti
1583 3016 1707 3112 primo
1729 3041 1846 3112 paene

281 3109 418 3184 invitus
443 3112 483 3184 in
506 3139 585 3185 non
610 3111 722 3185 nullis
753 3111 844 3184 locis
869 3137 1043 3210 maguam
1073 3138 1157 3184 curn
1183 3111 1333 3185 scholiis
1360 3114 1532 3201 Graecis,
1560 3113 1719 3210 quaein
1747 3112 1845 3186 calce

279 3209 453 3293 editionis
476 3209 594 3310 Epist
618 3207 762 3286 Catbol.
788 3209 1058 3283 Matthaeianac
1078 3208 1220 3305 adjecta
1244 3209 1449 3303 hahentur,
1476 3209 1754 3283 similitudinem
1784 3225 1844 3284 at-

281 3333 355 3406 que
379 3308 517 3380 mirum
541 3322 782 3399 concentum5
806 3334 895 3382 mox
919 3333 1009 3384 sero
1034 3307 1231 3383 collatione
1247 3309 1438 3407 utriusque
1463 3307 1621 3406 exempli
1638 3310 1842 3382 accuratius

281 3399 458 3480 instituta
472 3406 588 3480 laetus
612 3407 737 3482 inveni
761 3405 888 3479 eadem
914 3429 1031 3522 paene
1054 3405 1186 3478 iisdem
1201 3403 1324 3479 verbis
1349 3407 1388 3478 in
1414 3408 1643 3478 enarratione
1657 3405 1778 3479 latine
1796 3409 1842 3481 in

280 3501 432 3576 scholiis
457 3529 585 3604 graece
607 3491 786 3604 expresia
852 3505 956 3596 Quid
977 3501 1120 3577 multa?
1144 3504 1400 3578 Enarrationis
1418 3504 1661 3604 Didymianae
1687 3502 1727 3575 in
1746 3507 1841 3604 Epp.

281 3601 388 3675 Cath.
413 3604 568 3676 Latinae
584 3604 766 3677 Graecam
789 3603 980 3680 veritatem
999 3599 1178 3675 hactenus
1199 3615 1379 3701 quantum
1405 3602 1481 3676 scio
1505 3601 1676 3700 equidem
1700 3605 1842 3676 nemini

278 3713 428 3792 notam,
452 3702 530 3774 imo
555 3702 783 3801 deperditam
810 3699 986 3774 omnibus
1010 3700 1206 3791 creditam,
1239 3697 1467 3799 deprehendi
1499 3725 1672 3804 magnam
1698 3714 1841 3796 partem

280 3799 321 3870 in
354 3800 432 3874 istis
460 3797 609 3874 scholiis
643 3797 767 3874 adhuc
794 3800 1038 3899 superstitem.
1099 3799 1187 3872 Dixi
1219 3812 1309 3872 trrnc
1341 3799 1493 3897 quidem
1527 3799 1573 3870 de
1599 3795 1673 3868 hoc
1697 3799 1837 3905 ἑρμαίῳ

281 3895 628 3997 quantulocunque,
653 3895 813 3974 breuiter
826 3899 991 3998 aequasi
1005 3899 1045 3972 in
1066 3911 1294 3972 antecessum
1318 3896 1360 3968 in
1382 3921 1466 3971 meo
1493 3895 1541 3968 ad
1563 3921 1645 3994 epp.
1671 3895 1708 3968 S.
1732 3897 1836 3972 ioan.

281 3997 549 4090 commentario
569 4000 625 4091 *),
658 4021 738 4071 rem
759 3997 1000 4088 accuratiori,
1024 4022 1098 4114 qua
1128 3996 1282 4069 omnino
1299 4009 1429 4093 egeat,
1462 3993 1737 4090 disquisitione,
1770 3994 1837 4069 ubi

306 4093 443 4166 rimum
459 4095 807 4196 secedendumque
820 4093 924 4180 ,mihi
946 4095 1179 4194 contigerint,
1230 4108 1476 4168 resecaturus.
1526 4093 1585 4163 En
1603 4092 1712 4188 igitur
1737 4094 1837 4185 Tibi,

277 4119 319 4263 L.
337 4193 396 4282 L.,
419 4188 490 4263 hac
509 4193 595 4266 data
613 4197 807 4270 occasione
821 4194 1055 4295 quaestiones
1076 4219 1119 4266 ac
1139 4119 1320 4267 vindiciae
1336 4190 1594 4306 Didymianae!
1625 4190 1713 4264 Scin
1729 4189 1837 4290 equi-

278 4285 365 4390 dem
389 4285 500 4385 hujus
524 4292 664 4367 inventi
687 4319 768 4369 uon
790 4319 873 4370 eam
897 4317 976 4370 esse
997 4292 1200 4384 rationem,
1233 4313 1302 4364 nec
1324 4288 1551 4386 dignitatem,
1575 4301 1619 4362 ut
1642 4287 1692 4363 ad
1710 4315 1839 4364 omnes

270 4669 280 4680 ὓ
314 4581 442 4660 ivre.
461 4581 645 4654 οοωωιιι
664 4587 764 4653 rom.
782 4589 844 4655 rn.
864 4607 898 4676 p.
917 4593 991 4666 esa.
1056 4575 1061 4588 '
