4608 5460
919 463 1272 564 *5*

217 670 243 766 j
312 661 354 742 a*
418 661 464 746 V.
489 673 524 751 6.
573 669 757 760 “Inque
773 659 1014 752 exsulabitis,
1044 667 1229 742 modicum
1261 688 1358 736 nunc
1374 663 1410 762 *)
1430 663 1475 737 oi'
1505 676 1650 760 oportet
1681 666 1890 738 contristari

299 778 340 870 in
364 775 471 849 variis
505 768 790 844 tenusiootbust
814 776 887 836 etc.
938 765 1119 834 Probatur
1148 766 1242 838 fides
1274 790 1422 857 eorum,
1459 767 1524 862 qui
1548 767 1709 860 propter
1732 787 1819 836 eum
1849 768 1889 858 in

254 897 260 904 ·
300 873 560 948 tentationibus
587 868 734 953 dirersis
759 865 998 952 tribulantur,
1012 859 1071 937 'et
1095 889 1210 959 usque
1232 868 1280 936 ad
1308 866 1419 936 finem
1442 868 1482 939 in
1503 867 1712 959 hujusmodi
1735 858 1891 959 probola

301 977 376 1050 fide
397 974 606 1069 persistunt.
658 968 761 1057 Quos
785 966 913 1074 utique.
934 957 1103 1038 codtenit
1128 969 1330 1054 exsultare,
1351 967 1447 1036 licet
1469 967 1600 1060 aliquis
1622 967 1727 1036 labor
1761 981 1891 1034 eorum

302 1073 549 1148 voluntatibus
573 1073 804 1162 importunus
830 1087 906 1134 esse
928 1066 1101 1136 videatur.
1152 1067 1264 1138 Hunc
1281 1068 1398 1166 ,enim
1428 1065 1593 1138 laborem
1627 1068 1687 1136 hic
1720 1064 1787 1135 sub
1819 1066 1892 1133 tri·

308 1177 425 1246 stitiae
450 1173 600 1244 nomine
623 1170 806 1270 designat,
824 1174 1013 1258 tamquam
1030 1168 1084 1235 'sit
1110 1165 1229 1260 aliquo
1254 1168 1419 1256 tristitie,
1454 1189 1546 1260 quae
1570 1169 1683 1260 possit
1705 1189 1726 1234 e
1748 1166 1892 1237 diverso
1959 1217 1962 1226 ,

306 1299 375 1370 per
399 1275 491 1344 baec
510 1272 622 1342 verba
647 1267 831 1358 cognosci,
853 1289 936 1334 cum
963 1275 999 1334 et
1024 1269 1122 1362 apud
1146 1267 1302 1336 Paulum
1327 1267 1400 1335 duo
1425 1269 1589 1336 tristitiae
1611 1288 1745 1360 genera
1768 1265 1903 1362 decla·⁸
2010 1329 2012 1336 ,

276 1367 279 1376 ’
305 1388 452 1462 rentur,
478 1393 631 1466 quarum
652 1390 763 1439 unam
786 1375 941 1453 mortem
970 1370 1127 1460 operari,
1151 1368 1303 1438 alteram
1328 1391 1418 1439 vero
1438 1368 1702 1460 ¹poenitentium
1728 1364 1895 1433 stabilem

307 1477 353 1546 ad
375 1476 546 1560 sulutem,
583 1486 675 1562 quae
697 1469 749 1536 ita
772 1465 958 1546 describit:
981 1469 1109 1536 mundi
1133 1470 1281 1538 tristitia
1305 1478 1461 1536 mortem
1487 1465 1774 1561 operatursDei
1794 1482 1894 1550 vero,
1969 1533 1977 1543 ,
2012 1485 2026 1501 ‘

202 1587 207 1592 ’
255 1616 257 1628 1
304 1573 566 1669 poenitentium
591 1567 757 1639 stabilem
782 1567 830 1636 ad
855 1566 1017 1638 salutem.
1069 1568 1219 1637 Certum
1245 1579 1299 1640 est
1322 1569 1440 1652 enirn,
1473 1569 1664 1661 quoniam,
1696 1567 1757 1658 qni
1781 1565 1894 1632 tristis
1930 1589 1932 1594 ·

307 1687 359 1750 est
382 1668 602 1759 laborando,
639 1669 728 1738 dnm
753 1689 821 1760 pro
847 1665 920 1735 fide
954 1667 1133 1757 decertet,
1170 1693 1290 1763 neque
1316 1670 1516 1736 secundum
1551 1669 1678 1736 muudi
1713 1666 1903 1734 tristitiam
2016 1671 2019 1676 “

304 1775 484 1858 tristatur,
519 1790 639 1864 nequo
671 1768 870 1840 seeundum
903 1769 1175 1860 poenitentiam.
1238 1768 1305 1838 llla
1328 1789 1488 1862 namque
1512 1789 1581 1861 pro
1603 1766 1796 1835 amissione
1825 1765 1898 1832 de—
1939 1811 1961 1830 ..
1990 1811 1997 1818 -

304 1873 525 1942 lectabilium
549 1877 693 1956 rernm,
735 1867 825 1936 haec
853 1879 976 1936 autem
1004 1893 1073 1962 pro
1104 1870 1245 1938 honore
1258 1867 1314 1964 ἣ)
1341 1879 1606 1945 transactorum
1638 1867 1775 1960 geritur
1807 1887 1899 1957 pec-

299 1985 480 2058 catorum.
508 1970 745 2060 -Utrumque
778 1989 872 2066 vere
900 1967 1032 2036 hurum
1064 1971 1293 2038 tristitiarum
1339 1978 1532 2048 extraneus
1557 1990 1634 2037 esse
1658 1968 1931 2057 cognescitur,.

306 2073 369 2166 qui
390 2079 560 2142 tentetur.
589 2133 593 2142 ,
621 2067 670 2136 Et
703 2065 887 2160 quomodo
923 2067 1086 2138 diversos
1118 2069 1382 2138 decertantium
1405 2077 1617 2160 provectus,
1649 2065 1813 2135 olii'cn'm
1839 2066 1901 2133 la·-

305 2173 417 2259 bore,
453 2193 546 2265 quae
576 2167 720 2238 tristitia
748 2177 922 2255 vocator,
956 2168 1177 2238 tentationes
1209 2169 1350 2257 ferunt,
1386 2167 1446 2236 alii
1480 2179 1601 2238 eutem
1635 2167 1712 2236 sine
1740 2165 1901 2250 tristitia,
1949 2231 1952 2236 .

307 2281 343 2348 et
370 2274 420 2342 sic
447 2269 665 2342 excellenter
697 2289 758 2336 eas
785 2277 929 2336 etcum
962 2267 1200 2338 delectitione
1231 2269 1449 2362 suscipiunt,
1488 2279 1531 2337 nt
1562 2265 1775 2353 laetentur,
1803 2287 1900 2358 quo-

307 2374 407 2440 niam
430 2371 528 2462 digni
550 2377 635 2437 sunt
660 2366 745 2435 fecti
769 2390 838 2459 pro
865 2367 1014 2435 nomine
1039 2367 1176 2436 Christi
1199 2371 1285 2460 pati.
1342 2367 1392 2436 Et
1414 2367 1658 2458 arbitrantur,
1692 2355 1732 2437 se
1756 2365 1901 2434 incont-

305 2469 505 2565 perabilem
529 2467 683 2562 gloriam
706 2465 908 2560 possidere,
941 2467 1086 2561 quando
1113 2467 1248 2538 Christi
1271 2469 1420 2556 nomine
1445 2467 1674 2572 tribulantur.

324 2611 327 2618 ’
421 2617 467 2690 V.
495 2631 646 2697 1.0-12.
696 2615 786 2684 “De
811 2639 882 2712 qna
907 2619 1021 2687 salute
1047 2620 1295 2712 exquisierunt
1318 2629 1425 2714 atque
1448 2617 1597 2690 scrutati
1625 2629 1709 2688 suut
1733 2617 1903 2712 prophe-

225 2789 227 2799 ,
305 2735 386 2811 tae,
419 2719 481 2814 qui
504 2719 549 2787 de
572 2717 705 2786 sutura
723 2717 761 2783 in
787 2741 851 2788 vos
873 2719 988 2810 gratia
1017 2719 1348 2812 prophetaverunt,
1377 2729 1577 2788 scrutantes
1612 2719 1650 2789 in
1687 2711 1806 2812 qnod,
1842 2711 1900 2788 v'el

310 2822 414 2920 quale
433 2821 576 2912 ternpus
601 2815 834 2910 significaret,
861 2821 923 2912 qui
948 2818 986 2887 in
1013 2819 1063 2887 eis
1083 2818 1274 2908 erat***),
1300 2820 1445 2912 spiritus
1462 2818 1610 2908 Christi,
1634 2819 1695 2912 qui
1758 2839 1902 2886 aemm-

309 2923 421 2991 tiobat
435 2915 514 3014 ***)
539 2921 578 2987 in
601 2917 745 2986 Christo
762 2917 848 2986 Jesu
866 2920 1067 3012 pensiones,
1091 2929 1128 2987 et
1149 2929 1233 3011 post
1256 2920 1347 2988 haec
1363 2918 1443 3012 ***)
1459 2919 1616 3012 glorias:
1643 2839 1773 3012 quibis
1792 2939 1902 2993 rere·
1952 2987 1957 3000 ,
2036 2901 2041 2914 i

312 3023 428 3090 litttm
444 3029 518 3100 est,
542 3019 640 3111 quod
665 3039 740 3087 non
764 3019 868 3110 ipsis,
893 3019 994 3090 vobis
1019 3028 1141 3087 autem
1166 3019 1418 3089 ministrabant
1443 3019 1559 3088 haec”
1582 3017 1645 3088 rel.
1926 3017 1929 3022 ’

392 3193 396 3216 .
428 3147 615 3236 Quoniam
639 3145 786 3239 quidam
812 3146 990 3248 minorem
1017 3155 1181 3214 essertmt
1216 3145 1494 3241 promissionem
1522 3155 1558 3214 et
1572 3145 1730 3220 'salutem
1756 3153 1906 3242 sancto-3

275 3277 279 3282 ·
311 3273 407 3340 rum,
429 3248 491 3343 qui
515 3257 599 3316 ante
621 3247 814 3344 adventum
840 3245 1037 3332 salvatoris
1061 3245 1228 3334 inerunt,
1251 3247 1494 3316 existimantes
1521 3247 1602 3340 plus
1627 3246 1762 3340 aliquid
1783 3243 1907 3314 habu·
1995 3271 2004 3302 s

315 3353 385 3422 isse
403 3349 644 3448 posteriores,
670 3369 735 3435 eo,
775 3347 874 3439 quod
895 3347 1213 3420 videruntsJesnm
1232 3346 1481 3433 sensibiliter,
1513 3348 1620 3416 etiam
1651 3349 1753 3440 signa
1785 3345 1830 3414 sb
1862 3368 1907 3410 eo

314 3449 551 3546 corporaliter
576 3447 691 3540 facta,
715 3455 752 3518 et
776 3446 979 3534 doctrinam
1004 3447 1084 3539 ejus
1109 3447 1322 3536 andierunt,
1346 3447 1609 3518 ostendendum
1636 3457 1719 3538 est,¹
1733 3445 1906 3542 quoniam
1980 3445 1985 3456 '

326 3635 767 3662 W

330 3747 334 3760 ’
381 3751 533 3849 *)Νιιηο
554 3777 598 3819 ax
627 3753 816 3828 auctoritate
844 3749 958 3816 Graeci
988 3751 1133 3837 exempli
1157 3741 1287 3841 (iligen
1319 3747 1408 3846 iper)
1436 3754 1664 3842 versionisqaa
1684 3729 1818 3820 Lolliae
1850 3772 1909 3816 sno
2034 3759 2035 3766 ’

333 3847 337 3856 ’
430 3861 501 3934 Jure
523 3843 665 3905 restituit
685 3837 884 3904 Gallandius.
928 3832 1059 3900 Anteai
1082 3858 1155 3900 nec.

361 3949 408 4034 ***)
429 3947 516 4014 “Pro
537 3947 580 4016 bo
596 3973 663 4039 ‚ore
683 3961 917 4015 transactorum
930 3947 1197 4034 -paccatorum''.
1247 3939 1378 4036 Siquis
1403 3951 1578 4014 offenderit
1597 3950 1633 4014 in
1655 3950 1747 4030 verbi
1768 3947 1907 4014 honoris

304 4085 311 4096 .
433 4056 492 4097 usu
525 4036 754 4116 insoentiori,
788 4035 884 4112 sciat,
921 4033 1132 4118 interpretem
1155 4031 1306 4096 Latinum
1328 4033 1496 4115 Graecum,
1512 4025 1590 4105 α’ντὶ
1607 4035 1719 4122 τιμῆς,
1740 4034 1909 4124 perperam
1960 4035 1964 4044 ’

395 4183 398 4192 Α
433 4117 628 4186 reddidisse.
668 4122 739 4187 Hoc
760 4133 844 4212 recta
868 4121 1052 4182 observavit
1073 4117 1336 4181 llliinchmeierus
1356 4141 1460 4182 inens.
1496 4152 1505 4166 s

343 4227 414 4314 ***)
1551 4174 1577 4224 ⁹

436 4227 476 4293 ln
500 4222 571 4310 his,
602 4233 907 4320 (praenotavimus,
942 4231 1051 4294 versio
1074 4227 1190 4294 Latina
1214 4252 1232 4292 a
1253 4231 1421 4318 nulgata,¹
1440 4253 1520 4318 quaa
1542 4254 1626 4296 nnnc
1652 4232 1818 4308 bebatur,
1843 4229 1908 4290 rui-

336 4334 341 4349 ·
433 4337 503 4378 rmn
537 4332 690 4403 quantum
725 4317 902 4402 discrepat,
925 4325 1018 4400 atque
1041 4311 1080 4376 ad
1114 4316 1299 4378 versionem
1323 4318 1487 4401 antiquam
1511 4319 1648 4403 propius
1669 4313 1799 4378 accedit.
1843 4309 1908 4375 Cir.
2036 4369 2041 4380 ,

435 4401 540 4482 Sabat.
563 4401 740 4464 Bibhsaer.
762 4403 938 4464 latverss.
960 4397 1084 4483 antiqu.
1106 4397 1276 4461 Tum-Ill.
1309 4407 1427 4484 P·9l16·
1479 4399 1550 4482 Hoc
1580 4423 1647 4463 nou
1675 4421 1740 4462 uno
1772 4399 1809 4461 in
1832 4401 1905 4462 loco
1989 4422 1992 4430 ’

431 4479 551 4547 sectum
573 4507 644 4548 esse
666 4485 820 4566 uidimus.
874 4483 914 4547 ln
944 4503 1005 4570 (pua
1035 4488 1203 4548 tardante
1224 4485 1288 4546 sibi
1309 4505 1375 4548 non
1397 4495 1521 4549 constat
1544 4497 1672 4563 auctor,
1705 4484 1776 4547 sirie
1798 4485 1909 4570 potius

280 4591 295 4662 Ὀ
347 4599 357 4608 -
430 4569 604 4648 librarius,
641 4581 736 4656 atque
761 4569 892 4648 ¹videtur·
926 4567 1010 4630 mitti
1038 4568 1170 4654 quidem
1196 4581 1324 4635 textam
1350 4591 1393 4636 ex
1422 4591 1510 4635 nova
1539 4569 1798 4656 atqnatantiqua
1834 4589 1909 4632 ver-

414 4655 662 4752 vtieueLatina
683 4656 825 4720 mixtum
845 4664 972 4720 secatus
994 4671 1076 4718 ease.
1172 4685 1176 4698 =
1236 4711 1238 4716 .
1313 4714 1317 4722 ,
1429 4713 1436 4722 ,
1553 4685 1557 4710 .
