4608 5460
970 327 1424 496 ἐτι-’-

467 607 509 667 ut
537 593 674 686 diluat,
715 595 811 668 inter
837 594 908 667 alia
936 593 1011 668 boc
1035 594 1150 666 utimr
1173 607 1398 689 argumento
1421 595 1470 668 ad
1495 593 1685 695 vulgarem
1716 613 1865 698 captum
1885 625 2039 676 areom-

467 693 741 771 modatissima:
767 697 909 784 Deum,
933 693 1070 766 scilicet
1088 689 1335 789 legislatorem
1360 716 1405 764 ac
1430 691 1611 787 judicem,
1634 698 1812 795 qnoniam
1827 725 1878 785 ,ex
1903 713 2037 774 aucto-

468 791 574 864 ritate
605 793 809 890 scripturae
840 817 964 864 sacrae
987 787 1133 888 (Matth.
1157 791 1275 877 XXV,
1300 791 1378 886 41.)
1400 817 1487 864 cum
1510 792 1669 886 injustos
1691 797 1920 894 puniendos,
1956 813 2038 872 tum

466 890 627 962 maxime
661 893 835 963 Satanam
867 887 1050 988 supplicio
1077 887 1168 960 olim
1193 885 1414 960 tradendum
1439 881 1658 984 decreverit,
1697 919 1745 966 ne
1770 895 1924 991 cogitari
1947 895 2039 992 qui·-

469 987 555 1060 dem
577 1013 687 1086 posse
709 1003 898 1060 auctorem
911 987 1072 1156 peccati.
1131 987 1176 1057 ln
1210 1009 1286 1081 quo
1314 1001 1535 1084 argumento
1568 990 1775 1062 accuratius
1802 991 2036 1090 explanando

467 1087 671 1184 scripturae
694 1085 820 1157 locum
844 1111 908 1156 mo
937 1112 961 1156 o
987 1081 1156 1156 allatum:
1179 1079 1358 1178 ὑπάγετε
1377 1087 1427 1166 sis
1448 1084 1493 1166 τδ
1515 1093 1592 1189 πῦρ
1616 1087 1660 1168 ri
1681 1085 1840 1178 αι’ώιιιν,
1870 1088 1915 1169 ro*
1940 1087 2040 1184 ιῐτιι·

466 1185 658 1280 paenitus
682 1191 739 1301 aqi
764 1176 936 1285 διαβόλῳ
962 1183 1030 1262 arti
1059 1188 1134 1263 τοῖς
1159 1179 1343 1278 ἀγγέλοις
1364 1181 1499 1264 adrat!
1540 1186 1593 1258 ita
1616 1183 1791 1283 explicat,
1823 1199 1884 1278 ut,
1920 1205 2038 1287 quum

288 1316 290 1325 ·
349 1349 354 1368 ,
467 1283 570 1354 Deus
603 1281 657 1357 ibi
691 1283 835 1356 dacatnr
865 1280 1019 1354 diabolo
1050 1280 1175 1380 ignem
1207 1307 1483 1378 praeparasse,
1515 1280 1709 1356 diabolum
1733 1282 1783 1356 ab
1806 1298 1956 1358 aeterno
1995 1310 2039 1357 ac

467 1393 600 1452 natura
625 1379 730 1474 (κατ’
755 1377 894 1476 οὐσίαν)
927 1378 1068 1452 malum
1101 1392 1221 1478 atque·
1240 1405 1263 1452 a
1292 1377 1397 1452 bono
1428 1380 1511 1454 Deo
1534 1381 1698 1454 alienum
1722 1407 1801 1454 esse
1834 1383 2039 1481 praefracte

394 1539 400 1555 s
465 1493 585 1574 neget.
635 1483 688 1553 Ut
712 1505 803 1554 vero
828 1478 877 1551 ab
903 1477 1200 1554 adversariorum
1218 1475 1532 1571 cavillationibus,
1553 1481 1829 1578 quaerentium,
1851 1507 1919 1554 eur
1934 1484 2038 1552 Deus

467 1573 660 1650 diabolum
696 1603 776 1650 non
814 1577 947 1649 statim
972 1590 1061 1674 post
1093 1574 1262 1674 lapsum,
1278 1593 1281 1598 '
1300 1577 1374 1650 sad·
1399 1590 1488 1676 post
1522 1577 1686 1650 multam-
1711 1577 1861 1652 dmnuni
1898 1603 2039 1651 noxam

466 1672 696 1774 multamque
710 1675 915 1748 hominum
943 1674 1087 1746 cladem
1117 1675 1194 1770 igni
1226 1675 1452 1772 sempiterno
1480 1675 1626 1748 tradere
1650 1675 1874 1766 decreverit,
1912 1674 2041 1749 toenn-

467 1768 590 1866 ipsnm
606 1774 815 1864 defendat,
854 1772 1095 1844 ratiocinatur
1118 1773 1194 1843 fere
1219 1773 1288 1844 ita:
1311 1772 1375 1852 'El
1397 1782 1548 1862 ταῦτα,
1580 1774 1721 1872 inquit,
1758 1771 1873 1855 airus
1906 1781 2045 1876 Φρονη-

464 1869 558 1959 τέα,
598 1863 622 1964 ti
654 1867 811 1966 ἄγνοιαν
840 1866 1080 1974 προσάψουσι
1106 1876 1162 1949 eti
1192 1867 1279 1972 θιςῖ
1308 1869 1448 1968 [τότε],
1484 1879 1554 1951 τοῦ
1575 1879 1657 1952 πῶς
1686 1870 1941 1976 remistano
1968 1867 2046 1951 stati

338 2045 342 2052 .
464 1961 665 2075 ἕιιτιυδίτιιῃ
688 1969 732 2050 τό
757 1969 894 2057 κακὸν,
918 1961 943 2064 sl
966 1963 1186 2066 ἀδυναμίαν.
1237 1966 1359 2049 Ἀλλ’
1380 1966 1566 2072 οὐδέτερον
1588 1966 1914 2074 rodrusnapi'ris
1937 1967 2043 2068 aaa.

392 2099 394 2104 ·
463 2065 540 2147 θόι
571 2067 676 2156 θεόν.
735 2065 822 2150 Otia
853 2065 931 2171 cipe
954 2065 1149 2163 ιὶγενιὶτωι
1182 2067 1325 2169 ἐχθρὰς
1357 2062 1408 2148 cir
1440 2070 1541 2151 θεοῦ
1578 2067 1754 2166 ἐπανέβη
1789 2065 1879 2150 κατ’
1911 2065 2040 2155 αὐτοῦ,

462 2161 583 2368 agripp*
598 2163 796 2365 peripsam
816 2169 879 2247 ἑτιῐ
907 2172 963 2268 τῷ
983 2152 1075 2246 εἶναι
1096 2162 1272 2260 dyada,
1305 2165 1377 2258 rtis
1397 2167 1467 2264 μὲν
1488 2159 1642 2261 δύναμιν
1663 2174 1731 2262 τῆς
1749 2165 1886 2292 {paris
1910 2163 2040 2292 dni«

516 2298 534 2342 v
569 2296 594 2344 a
623 2297 678 2354 ει,
717 2295 790 2362 την

816 2259 857 2346 dl
890 2272 958 2351 etis
987 2264 1125 2346 naxiae
1150 2256 1436 2359 ἐπιτηδειότητα
1462 2269 1512 2364 eis
1536 2267 1728 2366 ἐνέργειαν
1751 2293 1918 2364 moysa,
1953 2257 1985 2346 tls
2020 2295 2038 2342 ο

462 2393 529 2472 aar
551 2364 760 2448 κολαστέος
786 2363 855 2445 stul
876 2361 1026 2446 εἰκότως
1050 2361 1153 2464 parsi
1172 2359 1282 2440 ’πολύ
1307 2363 1466 2463 τιμωρίᾳ
1491 2359 1722 2457 τ’τεβλιῐθη.

577 2559 622 2630 lla
655 2555 726 2632 hac
759 2573 837 2632 tota
871 2569 924 2632 ar'
961 2553 1190 2628 mentatione
1219 2550 1313 2627 nihil
1350 2553 1504 2630 omnino
1530 2554 1643 2647 inest,
1682 2554 1787 2654 quod
1812 2555 1860 2629 ad
1883 2569 2040 2632 senten·-

463 2654 553 2727 tiam
591 2656 745 2756 Didymi
785 2657 830 2728 de
853 2579 963 2746 madi
1004 2651 1144 2748 angelis
1175 2676 1379 2752 eorumque
1408 2653 1524 2725 salute
1556 2651 1613 2728 vel
1647 2653 1832 2751 speranda
1861 2650 1952 2728 olim
1977 2651 2036 2730 vel

464 2752 695 2850 desperanda
721 2755 926 2828 accuratius
951 2749 1203 2842 definiendam·
1225 2745 1367 2849 a'liquid
1388 2753 1507 2826 saciat.
1568 2755 1650 2824 Imo
1682 2750 1729 2822 de
1754 2749 1904 2836 diabolo
1930 2751 2037 2846 ejus-

476 2862 480 2872 '
518 2875 537 2922 e
563 2849 745 2948 supplicio
763 2850 857 2924 nihil
883 2847 1116 2940 ibi'docetur
1140 2848 1210 2938 ita,
1235 2859 1278 2918 ut
1303 2849 1410 2922 certis
1434 2849 1521 2922 inde
1542 2851 1662 2949 possis
1684 2847 1768 2920 colli
1795 2873 1855 2922 ere
1878 2850 2038 2924 rationi-

462 2877 565 3040 iiis„
593 2949 797 3050 Didymum
829 2947 1095 3047 origenianam
1128 2943 1296 3018 haeresin
1329 2946 1376 3020 de
1410 2945 1525 3021 salute
1555 2945 1696 3021 diaboii
1720 2875 1823 3020 nulla
1848 2947 1938 3021 olim
1963 2947 2033 3020 de·

465 3046 648 3142 speranda
685 3047 879 3147 respuisse.
934 3047 987 3136 ¹ln
1029 3069 1104 3142 qua
1138 3069 1178 3115 re
1212 3045 1251 3116 id
1281 3045 1464 3143 imprimis
1499 3043 1774 3120 adtendendum
1813 3057 1885 3137 est,
1930 3045 2034 3214 (prod

465 3143 524 3214 dis
553 3145 727 3228 utationis
761 3171 849 3230 suae
882 3170 962 3218 non
990 3167 1069 3214 uno
1102 3141 1142 3212 in
1176 3141 1261 3216 loco
1287 3141 1472 3244 Didymus
1513 3145 1560 3218 de
1592 3143 1695 3242 igne,
1740 3143 1817 3218 sive
1850 3145 2051 3240 suppicio.

464 3171 605 3315 maioli
639 3242 854 3342 simpliciter
884 3239 1050 3342 loquitur
1080 3239 1129 3312 ita
1162 3252 1222 3330 ut,
1288 3267 1356 3313 uae
1385 3244 1434 3314 ἰιι
1457 3249 1571 3316 sacra·
1591 3240 1773 3337 scriptura
1798 3238 1941 3334 adjecta
1966 3254 2032 3332 est,

462 3345 595 3414 nocem
620 3339 760 3425 αιἰἇιιιι
784 3340 895 3442 plane
924 3339 1069 3414 omittat
1077 3364 1088 3428 3
1123 3335 1163 3407 id
1188 3267 1291 3437 quod
1324 3337 1425 3410 haud
1454 3352 1590 3412 temere
1615 3337 1743 3410 fecisse
1766 3337 1953 3435 putandus
1979 3353 2034 3412 est

462 3435 524 3506 ille
560 3439 732 3536 Origenis
764 3454 922 3511 sectator
953 3433 1190 3530 caeteroquin
1222 3429 1427 3534 religiosus.
1499 3438 1569 3511 Cui
1601 3433 1738 3528 addas,
1772 3435 1813 3506 in
1847 3433 1952 3510 libris
1985 3435 2032 3507 de

465 3533 654 3616 Trinitate·
667 3535 819 3636 ¹Didyrn.
852 3533 1009 3612 verbum
1035 3529 1175 3613 αἰώνιος
1208 3531 1258 3606 ita
1283 3534 1495 3632 saepissime
1520 3559 1720 3633 usurpare,
1760 3546 1803 3606 ut
1825 3531 1920 3606 nihil
1944 3533 2032 3606 insit

491 3627 607 3706 ra'ete'r'
633 3634 826 3706 notionem
852 3631 967 3708 divini
981 3629 1028 3728 *).
1079 3627 1274 3704 Pelluntur
1298 3657 1407 3731 ergo,
1440 3632 1589 3734 siquid
1615 3631 1744 3724 video,
1770 3633 1939 3728 egregie,
1964 3632 2030 3732 qui

462 3657 565 3802 lunc
595 3729 855 3829 disputationis
886 3733 1015 3805 contra
1046 3721 1287 3804 Manichaeos
1325 3729 1451 3804 locum
1481 3731 1528 3807 de
1560 3728 1743 3831 supplicio
1779 3725 2030 3804 diabolicum

523 4015 554 4116 ἱ’5
576 4032 730 4102 Similiter
749 4021 927 4126 Origenes,
956 4035 1097 4128 Didymi
1117 4037 1153 4107 in
1174 4032 1234 4106 ba'c
1261 4013 1406 4108 doctrina
1426 4048 1554 4121 auctor,
1584 4037 1678 4106 aliam
1704 4027 1906 4190 popularem,
1937 4042 2029 4108 aliam

576 4117 830 4206 philosophicam
857 4123 897 4187 de
926 4127 1063 4189 aeternis
1137 4126 1205 4189 enis
1234 4125 1413 4190 doctrinam
1441 4146 1511 4188 asso
1538 4125 1658 4190 statuit.

576 4221 666 4266 suam
693 4205 786 4288 plane
813 4203 867 4270 ubi
895 4204 1066 4292 profitetur
1093 4145 1136 4272 lo

577 4305 645 4348 non
664 4307 702 4348 eo
722 4306 818 4350 sensu
838 4299 981 4354 aeternas
1002 4289 1094 4370 dicit,
1120 4288 1249 4355 utfinis
1269 4308 1379 4355 earum
1399 4292 1493 4376 plane
1516 4291 1619 4354 nullus
1640 4291 1699 4368 sit,
1724 4292 1779 4354 sed
1796 4291 1925 4384 potius,
1954 4311 2032 4377 gra·

575 4368 683 4430 viores
705 4390 742 4433 so
760 4365 940 4453 diuturnas,
975 4373 1091 4458 quibus
1109 4374 1261 4458 paulatim
1289 4366 1456 4438 immensis
1485 4369 1663 4438 labentibus
1689 4371 1820 4438 saeculis
1840 4386 1966 4454 peccata
1987 4395 2030 4442 ex

576 4449 690 4516 animis
710 4465 930 4520 creaturarum
950 4458 1254 4540 quaternaria,
1287 4477 1356 4522 non
1376 4477 1457 4520 vero
1478 4454 1565 4540 ipsae
1593 4467 1754 4520 creaturae
1773 4451 2029 4540 exstinguantur.

578 4531 648 4597 cfr.
669 4535 772 4601 Huet.
793 4535 884 4623 Orig.
904 4538 931 4620 l,
952 4549 1002 4612 11.
1022 4539 1050 4624 ς.
1063 4550 1115 4612 20.
1156 4536 1317 4632 Guericlre
1338 4538 1380 4602 de
1400 4537 1506 4606 sabula
1526 4539 1621 4606 Alex.
1642 4538 1686 4602 111.
1708 4557 1740 4622 p.
1754 4541 1818 4610 297

1738 4125 1965 4209 hilosoplaicam
1993 4147 2030 4189 ac

1117 4229 1154 4270 ac
1183 4209 1222 4272 de
1250 4229 1287 4273 re
1316 4208 1525 4285 sententiam,
1555 4217 1700 4270 aeternas
1728 4207 1887 4271 malorum
1909 4227 2030 4292 poenas
2070 4209 2075 4220 “
