4608 5460
1705 379 1713 412 Ι

439 674 546 764 Quae
574 671 749 742 hactenns
774 671 931 764 agitatu,
969 683 1044 740 nen
1070 613 1286 764 ecquidem
1318 692 1395 740 esse
1420 671 1605 789 videntur,
1647 688 1740 772 quae
1764 667 1811 738 ad
1836 664 1909 737 Sa·

327 799 388 848 cra
408 769 691 889 Pentecostalia,
726 771 857 865 quibus
888 769 980 838 haec
997 771 1133 865 scripta
1154 780 1257 858 sunt,
1297 771 1430 840 ducere
1453 773 1593 842 animos
1619 793 1661 840 ιο
1683 757 1772 838 setis
1796 789 1912 862 prac-

144 939 155 956 .
239 874 252 976 ι’
325 898 456 972 parare
488 875 635 968 proprie
670 873 817 989 possint.
879 866 1050 940 Attamen
1076 872 1232 940 nonita
1265 871 1381 940 aliena
1412 874 1521 959 sunt,'
1554 869 1728 954 utnulla
1761 889 1911 962 prorsus
1961 923 1965 932 .
2014 921 2017 933 .

324 975 411 1048 inde
445 977 521 1070 peti
554 975 666 1067 possit
698 972 836 1042 occasio
875 971 923 1044 ed
958 971 1194 1042 instituendas
1232 994 1294 1040 eas
1327 971 1596 1060 meditationes,
1639 991 1728 1064 quas
1759 969 1913 1062 Spiritus

327 1079 476 1178 Sancti,
513 1073 740 1143 Ecclesiae
729 1097 769 1142 ιιι
812 1073 890 1164 ipsa
924 1071 1046 1144 statim
1088 1073 1235 1188 origine
1260 1071 1369 1164 largis
1401 1071 1578 1141 imbribus
1613 1071 1763 1189 donati,
1806 1068 1924 1152 laeta,

249 1173 253 1182 ’
326 1172 620 1268 sanctissimaque
661 1173 838 1242 memoria
877 1166 980 1266 quasi
1011 1174 1178 1265 proprias
1210 1172 1277 1240 sibi
1310 1173 1434 1264 poscit.
1503 1168 1557 1242 Ac
1595 1172 1625 1240 si
1663 1170 1721 1242 vel
1743 1169 1913 1238 maxime

328 1277 545 1370 concedam,
585 1273 866 1342 Enarrationem
898 1269 1069 1363 Didymi,
1106 1279 1378 1366 praeterquam.
1389 1272 1487 1366 quod
1519 1293 1618 1340 nunc
1653 1279 1807 1340 aeterno
1833 1263 1931 1336 fere

328 1359 531 1448 barbariei
540 1375 611 1444 situ
642 1395 685 1442 ac
717 1371 889 1465 squalore
918 1371 1014 1444 ricta
1047 1371 1259 1466 sepultaque
1288 1373 1423 1468 jaceat,
1459 1374 1511 1441 ιιι
1542 1395 1608 1440 suo
1635 1371 1797 1486 ingenio
1806 1391 1911 1436 com-

242 1543 251 1562 ,
327 1487 491 1572 paratam
509 1495 601 1566 esse,
625 1483 668 1542 ut
688 1472 815 1566 jure
788 1469 872 1540 Tuo
898 1469 984 1540 Tibi
1005 1471 1192 1565 displiceat
1214 1473 1292 1542 fere
1315 1482 1404 1558 tota,
1428 1495 1497 1541 nec
1521 1473 1607 1542 satis
1632 1470 1747 1564 possis
1769 1463 1926 1536 nostrae'

329 1577 454 1647 aetatis
475 1573 683 1649 felicitatem
710 1557 940 1676 praedicare,
959 1571 1118 1664 quaeda
1143 1574 1310 1661 veritate,
1336 1572 1582 1665 simplicitate,
1605 1570 1781 1664 elegantia
1806 1569 1912 1636 deni-

329 1699 399 1772 que
415 1673 677 1768 interpretandi
694 1673 798 1742 unice
816 1669 885 1740 sibi
904 1664 1060 1762 gaudeat
1082 1694 1124 1741 ιο
1146 1673 1365 1765 gratuletur:
1390 1683 1513 1742 tamen
1539 1673 1576 1740 in
1598 1673 1704 1742 ιιοο
1692 1694 1791 1762 apso,
1816 1667 1914 1760 quod

329 1775 591 1868 Didymianum
614 1797 726 1865 genus
750 1769 1039 1864 interpretandi,
1055 1772 1191 1841 scilicet
1211 1773 1451 1864 injucundum
1466 1768 1553 1842 illud
1580 1783 1687 1866 atque
1705 1769 1915 1840 infructuo-

331 1901 424 1963 sum,
441 1876 597 1942 alienum
613 1872 703 1941 aTe
721 1871 855 1940 habeas
872 1893 914 1939 ac
930 1872 1038 1940 taedii
1056 1869 1216 1964 plenum,
1236 1884 1365 1965 parata
1381 1873 1468 1942 'Pibi
1481 1883 1536 1942 est
1551 1873 1650 1940 baud
1667 1871 1814 1972 indigna
1832 1891 1914 1936 mc—

329 1975 546 2044 ditationum
581 1993 667 2044 vere
701 1971 1005 2040 Pentecostalium
1043 1972 1185 2042 occasio
1219 1983 1327 2066 atque
1362 1974 1562 2042 materia.
1582 1971 1747 2059 Etenim,
1785 1967 1915 2110 quibus
1952 2012 1956 2022 .

329 2085 454 2144 nostra
485 2095 573 2166 prae
606 2071 685 2143 aliis
710 2095 776 2142 suo
805 2071 892 2162 jure
908 2071 1083 2164 gloriatur
1107 2071 1245 2144 felicior
1270 2084 1386 2157 aetas,
1421 2074 1605 2144 eccuinam
1630 2071 1808 2143 debentur
1828 2061 1915 2136 illa?

327 2173 461 2248 Nonne
494 2195 620 2260 omne,
654 2172 751 2268 quod
777 2171 935 2240 ιιοιιιιιιι
946 2167 1044 2241 inter
1070 2172 1236 2249 hemines
1268 2171 1493 2243 Christianos
1524 2173 1680 2242 habetur
1712 2182 1749 2240 et
1774 2167 1916 2262 glorio-

329 2297 429 2364 sum;
470 2296 594 2343 nonne
620 2293 728 2341 omne
752 2270 895 2342 virtutis
916 2269 1102 2368 laudisque
1124 2273 1301 2344 honestae
1326 2275 1505 2364 studium,
1545 2275 1733 2368 omnisque
1759 2265 1915 2362 denique

141 2359 144 2372 ⁸
218 2387 223 2396 “
331 2375 377 2444 ad
398 2375 586 2446 veritatem
619 2373 773 2441 alacrior
803 2392 1034 2464 progressus,
1059 2409 1112 2427 -
1152 2374 1216 2443 uni
1239 2373 1419 2443 debentur
1443 2375 1592 2468 Spiritui
1615 2373 1767 2466 Sancto,
1793 2369 1914 2441 divino

219 2529 225 2544 .
331 2474 388 2544 illi
411 2485 519 2566 atque
540 2472 731 2565 magnifico
757 2471 931 2540 ccclesiae
953 2469 1124 2561 ductori,
1157 2473 1330 2564 Ductori,
1362 2472 1586 2571 Promoton',
1622 2475 1726 2564 eujus
1751 2469 1917 2562 largitio-

279 2641 301 2664 „
332 2574 441 2644 nibus
464 2573 550 2642 inde
586 2597 608 2642 a
637 2574 757 2664 prima
779 2563 958 2640 donorum
984 2573 1183 2644 effusione'
1186 2596 1253 2644 nec
1278 2575 1509 2663 intermissis,
1546 2563 1612 2642 nec
1637 2569 1919 2642 intermittendis
1987 2580 1991 2588 ‘

330 2695 491 2766 unquam
516 2671 589 2740 hi
577 2675 644 2765 apsi
670 2671 746 2740 dies
768 2671 862 2740 sacri
882 2667 1088 2748 habentur?
1138 2669 1188 2742 At
1211 2697 1318 2762 vero,
1344 2675 1431 2744 dnm
1453 2675 1543 2744 haec
1565 2667 1770 2760 meditaris,
1796 2680 1915 2741 atten-

283 2769 288 2780 '
332 2773 397 2842 das
422 2793 580 2867 quaeso,
616 2771 798 2888 Spiritum
822 2773 931 2842 istum
957 2771 1121 2845 divinum
1145 2775 1281 2844 nemini
1306 2776 1420 2848 invito
1446 2789 1497 2844 ιο
1514 2777 1731 2895 repugnanti
1754 2791 1915 2866 unquam

251 2883 254 2892 ⁴
330 2874 539 2966 contigisse,
571 2873 635 2942 sed
666 2895 750 2942 cum
773 2871 818 2940 iis
841 2879 984 2940 tantum
1009 2866 1221 2943 bominibus
1241 2876 1523 2994 communicari,
1559 2879 1599 2946 in
1630 2876 1743 2969 iisque
1774 2881 1914 2942 tantum

330 2971 521 3059 delectari,
546 2973 608 3065 qui
629 2969 731 3066 puris
757 2969 942 3080 cordibus,
963 2972 1089 3042 studiis
1111 2973 1290 3062 honestis,
1313 2971 1503 3052 indefessis
1527 2976 1723 3063 laboribus,
1748 2971 1915 3068 precibus

331 3072 488 3165 denique
510 3071 719 3148 ardentibus
744 3071 782 3140 id
803 3065 931 3163 agant,
961 3081 1003 3140 nt
1025 3072 1123 3177 digni
1144 3073 1372 3163 habeantur,¹
1397 3075 1609 3171 quibuscum
1635 3073 1793 3161 habitet,
1826 3093 1915 3140 sna-

330 3194 401 3290 que
426 3174 523 3242 dona
544 3171 685 3265 integra
708 3171 981 3245 communicet..
1011 3165 1125 3264 Igitur
1149 3173 1220 3244 hoc
1245 3176 1481 3264 meditemur,
1520 3177 1589 3245 hoc
1613 3174 1819 3246 inhibemus
1840 3195 1915 3294 pe·
1998 3167 2000 3172 ’

329 3273 454 3360 nitius,
480 3272 579 3368 qnod
602 3273 760 3366 grauiter
784 3271 972 3342 admonuit
995 3269 1131 3344 Paulus
1154 3269 1354 3368 apostblus:
1402 3272 1476 3396 MJJ
1501 3277 1667 3356 λυπεῖτε
1692 3270 1737 3353 ιδ
1762 3279 1923 3367 πνεῦμα,

331 3368 375 3449 τι
400 3363 509 3467 ἄγων
532 3401 598 3453 του
584 3368 797 3456 &arist
764 3401 796 3451 ιι
822 3401 852 3476 ῳ
831 3355 1223 3474 ἐσφραγίσθητε
1190 3403 1241 3456 ιιι
1254 3369 1407 3480 ἡμέραν
1432 3369 1748 3483 α’πιλυιριισεωιι

445 3583 515 3656 ΡΡ.
541 3585 575 3655 d
598 3581 705 3681 Vigil.
730 3521 929 3656 Pentecost
956 3583 1248 3660 MDCCCXXX.
1290 3679 1295 3686 ι

1494 3827 1603 3844 q.

1228 3861 1570 3900 οι»

884 3935 1339 3970 i*—

958 3993 963 4002 .
