4608 5460
892 577 1096 686 ...η
1145 619 1238 671 ‚a-

276 795 518 888 ignbrantiam
539 792 680 883 iactos,
710 795 774 866 sad
797 799 906 868 etiam
931 801 1197 891 praeponentes
1219 793 1429 888 semetipsos
1462 792 1639 880 creatmi,
1673 791 1777 863 illum
1804 791 1859 862 si·

167 939 172 946 ·
276 895 424 988 quidem
446 895 611 966 animalis
634 906 805 996 naturae,
831 917 870 968 se
896 906 1018 966 autem
1040 895 1246 990 spirituales
1276 917 1352 964 esse
1384 895 1551 982 dicentes
1620 893 1859 987 Quapropter
1900 896 1902 902 ’

150 1033 159 1054 κ
274 1015 350 1064 non
375 1005 474 1067 recte
497 996 662 1068 dividunt
680 1019 736 1084 ea,
762 1019 854 1092 quae
879 995 1005 1069 volunt
1024 997 1064 1089 *)
1089 997 1321 1066 immolantes
1347 994 1480 1064 offerre
1505 1003 1708 1086 saputem,
1734 994 1858 1086 qdon·

222 1101 230 1116 '
270 1093 346 1163 iarn
380 1096 560 1188 primitias
598 1096 754 1181 sibimet,
777 1099 952 1167 secundas
979 1120 1068 1170 vero
1093 1109 1215 1191 partes
1231 1096 1397 1166 ‘offerunt
1421 1093 1514 1164 Deo.
1563 1093 1622 1163 Ex
1645 1092 1858 1184 hujusmodi

275 1195 370 1267 enim
389 1189 559 1288 nequitia
582 1207 689 1290 atque
721 1195 866 1268 fallacia
893 1198 1095 1269 homicidae
1133 1199 1230 1268 liunt
1262 1194 1422 1265 fratrum¹
1453 1217 1623 1281 suorum,
1662 1195 1857 1266 offerentes

272 1294 324 1362 eis
349 1318 442 1389 quae
464 1297 636 1390 sapienda
668 1321 743 1367 non
778 1310 883 1386 sunt,
921 1300 1039 1392 magis
1070 1310 1193 1368 autem
1219 1297 1266 1367 ad
1292 1317 1397 1364 auam
1422 1294 1660 1376 imitationem
1684 1304 1856 1366 recantes
1983 1323 1991 1344 ι

273 1415 347 1480 eos,
372 1417 453 1465 curn
470 1397 612 1466 dicunt:
634 1399 884 1468 “transeamus
897 1398 935 1468 in
954 1409 1143 1492 campum’'
1157 1396 1195 1492 1).
1225 1395 1324 1466 Dicit
1339 1396 1448 1486 igitur
1462 1394 1609 1464 eosdem
1630 1391 1763 1464 similes
1775 1415 1853 1464 essa

274 1485 447 1581 Balaam,
470 1507 736 1590 praeponentes
761 1499 888 1590 pietati
914 1501 1120 1568 mercedem
1142 1497 1302 1569 oblatam
1323 1495 1362 1566 ei
1390 1518 1422 1563 a·
1448 1517 1532 1588 rege
1558 1491 1783 1578 Madianita,
1816 1503 1857 1562 ut
1883 1533 1911 1578 -,

272 1595 506 1664 malediceret
531 1599 603 1676 eis,
641 1599 702 1692 qui
724 1596 796 1670 Dei
828 1599 1079 1670 benedictione
1112 1587 1340 1669 fruebantur.
1407 1593 1483 1683 Qui
1514 1595 1623 1663 etiam
1656 1593 1855 1688 injustitiae
1965 1602 1968 1610 “

273 1696 443 1764 mercede
476 1696 597 1767 diffusi
621 1709 727 1785 sunt,
750 1699 985 1771 vaticinantes
1019 1701 1116 1770 enim
1138 1697 1393 1785 inveniuntur,
1418 1706 1455 1764 et
1479 1717 1548 1788 pro
1573 1706 1699 1764 sancto
1725 1695 1856 1787 spiritu

271 1794 439 1887 spiritum
466 1797 601 1866 erroris
627 1795 831 1887 habentes,
855 1799 954 1869 unde
980 1799 1089 1872 etiam
1114 1799 1202 1869 dant
1232 1809 1269 1866 et
1295 1794 1355 1867 isti
1391 1796 1581 1866 consilium
1606 1793 1855 1864 fornicationis
1912 1867 1914 1874 ,

271 1905 309 1963 et
332 1894 515 1983 idolorum
543 1887 726 1983 culturae,
763 1900 867 1968 sicut
887 1899 948 1968 ille
973 1897 1179 1991 proditione
1204 1894 1262 1991 **)
1288 1897 1415 1990 populi
1449 1893 1531 1964 Dei.
1597 1893 1701 1964 Haec
1728 1903 1858 1965 antem·

251 1995 318 2063 'de
346 1987 538 2064 haereticis
566 1995 714 2088 quilibet
747 1996 886 2086 dicens,
935 1999 982 2067 ad
1012 1999 1201 2092 superiora
1234 1995 1420 2090 proficiat,
1458 2003 1500 2066 'et
1535 2017 1610 2064 non
1641 1990 1785 2064 tantum
1812 1995 1852 2062 in
1980 2015 1987 2042 ¹

152 2140 157 2160 „
269 2083 401 2182 verbo,
427 2096 551 2164 sedin
576 2097 715 2184 littera,
741 2119 813 2188 qua
835 2108 1022 2186 constant,
1050 2122 1125 2192 qua
1154 2101 1264 2168 etiam
1288 2098 1328 2166 in
1354 2092 1565 2191 apocalypsi
1586 2095 1736 2166 loannis
1761 2105 1848 2167 tan·

231 2269 235 2284 ,
268 2205 425 2286 guntur,-
454 2195 552 2288 quod
582 2195 671 2265 haec
692 2197 851 2266 habeant
871 2199 1162 2295 intellectualiter
1185 2198 1266 2269 falsi
1291 2197 1498 2284 doctores,
1525 2219 1609 2265 cum
1639 2197 1711 2266 sint
1745 2215 1851 2265 ama.-
1929 2227 1939 2238 ·

268 2306 366 2364 tores
390 2294 615 2388 principatus
627 2307 736 2389 atque
760 2297 962 2390 superbiae,
988 2311 1026 2368 et
1046 2292 1272 2391 praesulibus
1293 2297 1464 2368 acclesiae
1486 2297 1710 2380 resistentes,
1735 2297 1851 2390 magis

270 2387 612 2486 autem'Apcstolis,
637 2398 768 2488 quiex
785 2397 868 2467 Deo
886 2399 1034 2480 babent,
1058 2410 1101 2468 ut
1117 2399 1325 2492 sacerdotes·
1342 2398 1424 2472 sint.
1472 2393 1525 2464 Hi
1545 2417 1704 2488 namque
1725 2389 1848 2464 Chore
1949 2396 1951 2402 ’
2091 2406 2095 2419 “
2185 2439 2190 2452 ·

267 2496 554 2564 contradictione
575 2496 711 2566 scilicet
739 2507 962 2570 'erraverunt
1023 2497 1089 2567 Ille
1109 2500 1286 2592 siquidem
1322 2499 1454 2566 restitit
1474 2497 1696 2583 sacerdotio,
1722 2492 1846 2564 Aaron
2007 2507 2012 2517 ’

265 2589 338 2662 Dei
361 2595 547 2667 voluntate
583 2596 735 2683 collato,
768 2603 805 2666 et
833 2611 985 2692 propter
1022 2599 1347 2669 contradictionem
1384 2621 1481 2670 nora
1494 2631 1499 2636 ·
1512 2591 1630 2668 morte
1653 2595 1847 2666 mulctatus
1893 2661 1901 2669 .
1960 2597 1968 2614 '

266 2705 319 2766 est
342 2695 436 2789 ipse,
460 2703 497 2764 et
522 2697 690 2790 quicum
717 2719 761 2766 eo
787 2719 865 2768 esse
889 2697 1115 2771 ridebantur.
1615 2717 1619 2730 ”
1698 2741 1703 2756 =
1781 2739 1784 2747 ·
1830 2749 1832 2756 ·

289 2921 293 2930 .
375 2887 412 2936 v.
433 2875 570 2944 1213·
621 2865 703 2934 “Hi
729 2869 853 2962 quiin
879 2867 1131 2940 dilectionibus
1152 2869 1279 2941 vestris
1301 2868 1490 2940 maculatis
1515 2860 1755 2962 coepulantur
1765 2864 1845 2956 ***)

262 2963 342 3032 'sine
367 2963 518 3051 timore,
544 2966 755 3058 semetipsos
779 2978 985 3062 pascentes:
1035 2967 1152 3046 nubes
1184 2971 1262 3040 sine
1293 2992 1406 3064 aqua,
1443 2991 1536 3064 quas
1569 2992 1591 3036 a
1626 2969 1742 3039 ventis
1768 2966 1845 3036 cir-

263 3060 536 3150 cumferuntur,
566 3064 714 3136 arbores
740 3069 987 3154 autumnales,
1017 3067 1284 3161 infructuosae,
1326 3071 1551 3157 eradicatae,
1584 3067 1639 3136 bis
1664 3075 1844 3158 mortuae,

262 3161 394 3332 gnotus
419 3161 550 3233 ferocis
577 3167 706 3256 maris,
731 3179 940 3264 spumantes
964 3191 1047 3240 suas
1072 3165 1314 3261 confusiones,
1336 3166 1469 3261 sidera,
1490 3169 1730 3257 seductiones,
1756 3169 1842 3263 qui-

290 3269 370 3349 us”,
396 3271 465 3338 etc.
556 3279 559 3291 ‘
1169 3271 1172 3285 “
1667 3273 1669 3283 ’

277 3425 283 3437 “
329 3415 333 3422 ’
382 3415 476 3488 Cum
504 3421 714 3492 ostendisset
740 3445 814 3513 eos,
840 3425 902 3518 qui
928 3422 1116 3495 ambulant
1140 3427 1179 3495 in
1208 3427 1304 3501 viam
1335 3425 1426 3517 Cain
1434 3415 1454 3514 ,'
1478 3433 1515 3494 et
1539 3425 1643 3495 effusi
1668 3435 1755 3495 sunt
1775 3424 1842 3494 in·-

261 3515 356 3608 justa
383 3515 553 3588 mercede
575 3519 745 3612 Balaam,
780 3537 817 3594 et
842 3527 986 3620 eosqui
1011 3527 1145 3618 perditi
1174 3540 1259 3612 sunt
1282 3527 1566 3598 contradictione
1594 3525 1736 3615 Obora;
1778 3547 1841 3596 se-.

260 3615 386 3709 quitur
410 3618 553 3688 dicens:
601 3619 652 3690 Hi
678 3633 764 3692 sunt
786 3626 952 3715 convivia
980 3625 1223 3715 celebrantes,
1249 3629 1394 3722 quando
1418 3627 1628 3698 dilectiones
1652 3625 1838 3704 babentes,
1928 3648 1943 3703 s·

261 3717 490 3809 coeptdantcs
515 3719 553 3788 in
575 3722 725 3795 maculis
749 3726 840 3813 suis,
865 3726 954 3818 dum
979 3748 1106 3796 carnes
1125 3728 1296 3821 polluunt
1329 3729 1515 3822 proprias,
1554 3737 1592 3795 et
1613 3723 1840 3797 transferunt
1968 3815 1971 3822 ι

259 3817 307 3886 ad
328 3816 510 3909 luxuriam
534 3821 673 3890 domini
697 3826 861 3916 gratiam.
912 3824 1074 3896 Proinde
1097 3850 1181 3895 cum
1204 3829 1326 3896 omnia
1360 3827 1571 3916 hujusmodi
1609 3843 1691 3894 cum
1722 3820 1838 3894 multo
1881 3851 1887 3862 ¹
1948 3858 1951 3888 t

261 3925 446 3987 contemtu
471 3917 626 4010 saciant,
659 3924 738 3994 sins
762 3924 895 3998 timore
930 3929 1143 4022 semetipsos
1174 3921 1336 4022 pascunt
1398 3927 1492 4000 Cum
1521 3927 1618 3998 enim
1651 3935 1736 3996 sunt
1770 3923 1838 3996 sub

242 4166 247 4176 ·
321 4142 354 4224 *l
375 4145 486 4210 Tacita
508 4153 650 4214 correxit
670 4143 860 4216 Gallandius
881 4152 988 4218 velut.
1038 4115 1159 4235 Recta,
1187 4179 1263 4230 nam
1282 4145 1558 4230 voiunt‘senscm
1579 4115 1706 4224 nullasu
1729 4133 1837 4236 babet.

314 4229 593 4379 **)a1?d.diiiii.m’
614 4239 724 4301 nescio
746 4259 788 4300 au
809 4239 850 4303 de
871 4243 1034 4318 consilio,
1055 4253 1141 4305 carte
1163 4245 1292 4323 verius,
1314 4244 1447 4330 scripsit
1463 4265 1532 4330 pro
1553 4244 1699 4309 ditione.
1743 4245 1835 4308 Nihil

320 4397 386 4484 ***)
407 4399 449 4461 Ut
470 4401 681 4490 saepissima,
715 4405 881 4484 itaetiam
901 4407 936 4470 in
957 4409 1022 4472 boc
1042 4410 1116 4472 loco
1149 4408 1270 4475 latium
1300 4411 1462 4496 interpres
1492 4432 1510 4474 a
1531 4411 1674 4492 Vulgata
1696 4411 1836 4476 multari

365 4483 497 4581 recedit.
541 4484 641 4566 Gall,
665 4499 699 4550 ut
719 4491 802 4554 banc
824 4495 1009 4557 versionem
1033 4496 1181 4575 vulgatas
1203 4491 1437 4572 conformarat,
1469 4498 1626 4580 conjecit:
1656 4495 1712 4562 Hi
1740 4507 1835 4575 aunt,

365 4588 426 4655 qua
447 4601 488 4620 ···
510 4603 554 4622 -·
574 4571 742 4637 maculas.
769 4575 1021 4642 flccnirnium
1055 4579 1206 4642 ridetur-¹
1245 4578 1377 4646 tantm
1404 4581 1550 4663 corrige:
1581 4579 1628 4646 lli
1647 4593 1748 4660 snttt,¹
1777 4585 1834 4670 qui

292 4691 296 4697 ,
317 4739 342 4792 ¹)
358 4653 651 4792 {imdiisswssiffl‘ibm
673 4657 794 4782 restria
813 4659 988 4776 maculati
1008 4655 1229 4751 coepulantur.
