4608 5460
243 621 389 692 saturae
419 612 721 713 prospiciendae,
745 619 876 712 'atque
900 607 1128 710 appetendae
1160 623 1199 680 et
1229 633 1342 708 possa
1375 609 1502 688 tenet
1519 619 1565 686 et.
1584 613 1815 692 vereretiant

244 730 390 790 tentum
413 715 467 786 iri
518 715 652 788 “Nam
676 711 762 786 licet
786 711 941 810 quidam
967 733 1097 780 eorum
1122 708 1228 826 parvi
1252 710 1344 800 sint,
1370 722 1531 782 attamen
1556 707 1694 784 detenti
1719 735 1816 807 snp-

245 813 358 911 plicio
388 813 479 907 (quo
507 811 720 884 cruciantur
752 808 925 906 quidem,
965 831 1095 882 serum
1125 821 1175 879 tta
1190 818 1242 878 -nt
1275 807 1462 882 emendari
1492 805 1656 902 possint,
1693 831 1816 904 neque

244 910 536 1005 exstinguantur.)
570 903 821 1006 resipiscentes
852 904 1119 1003 (respicientes)
1134 906 1170 999 *l
1213 904 1314 976 unde
1350 905 1579 994 ceciderunt,
1625 901 1825 979 habebunt·

246 1006 470 1080 desiderium
499 1003 560 1078 sel
591 1031 659 1102 per
692 1007 870 1076 lenestras
899 1028 943 1077 ea
965 1003 1199 1098 .reepieere’'‚
1242 1002 1265 1074 i.
1296 1028 1325 1074 e.
1361 1001 1585 1080 desiderium
1617 1026 1662 1074 ea
1683 1004 1815 1098 quovis

247 1103 364 1180 modo
397 1103 620 1200 respiciendi
658 1101 978 1196 ardentissimum·
1037 1098 1183 1190 Quibus
1223 1096 1365 1188 verbis,
1405 1116 1483 1194 ogo¹
1506 1098 1538 1168 si
1570 1099 1661 1196 quid
1696 1100 1816 1190 video,

245 1200 339 1277 nihil
366 1198 466 1279 alind
488 1200 663 1286 docetur,
692 1221 806 1297 quam
831 1196 921 1289 hoe,
954 1195 1075 1278 malos
1100 1196 1271 1294 angelos,
1306 1196 1544 1294 quantumvis
1567 1222 1721 1292 pravos,
1756 1212 1817 1270 ta-

247 1323 423 1372 mennec
456 1296 679 1372 conscientia
710 1295 899 1383 'melioris
936 1321 1011 1394 qua
1036 1293 1126 1370 olim
1156 1295 1259 1370 truiti
1289 1295 1443 1386 fuerint,
1483 1293 1714 1390 deperditae,
1746 1319 1823 1368 nee

248 1401 434 1470 desiderio
454 1393 709 1492 reparandae.
727 1393 817 1486 plina
841 1392 1081 1469 beatitudinis
1104 1419 1258 1490 prorsus
1281 1418 1432 1466 carere..
1480 1394 1567 1464 Non
1590 1393 1816 1487 negauerim,

247 1519 358 1592 posse
388 1492 542 1568 omnino
573 1491 701 1566 enine
733 1489 880 1589 colligi,
919 1492 1122 1592 Didymum
1148 1518 1217 1588 pro
1248 1516 1316 1566 sua
1342 1490 1512 1566 doctrina
1529 1489 1590 1562 ad
1616 1489 1818 1586 Origenem

248 1591 363 1688 paulo
398 1589 573 1664 inclinata
605 1587 715 1666 malis
745 1589 884 1686 angelis
917 1603 994 1664 tam
1027 1588 1250 1664 benevolum
1284 1602 1396 1687 atque
1430 1586 1705 1662 misericordem
1735 1613 1816 1665 sese

171 1683 175 1688 ’
247 1687 484 1786 praebuisse,
504 1699 546 1764 ut
570 1702 675 1784 spem
699 1687 770 1762 illis
795 1688 1025 1784 reparandae
1040 1685 1165 1763 salutis
1187 1687 1350 1760 adimere
1368 1684 1505 1775 nollet,
1531 1699 1674 1777 tamen,
1696 1684 1819 1758 donee

164 1793 167 1802 “
247 1785 319 1862 alia
347 1783 494 1884 prolata
524 1783 637 1866 suerit
661 1783 792 1878 justior
825 1786 991 1859 criminis
1017 1810 1145 1872 causa,
1181 1784 1228 1858 de
1250 1783 1321 1862 hae
1347 1784 1526 1862 sententie
1547 1807 1658 1856 nemo
1686 1795 1819 1854 aueto-

243 1896 324 1962 r'em
346 1897 517 1966 nostem
537 1883 801 1982 apudaequos
822 1883 877 1963 rei
901 1881 1041 1977 judices
1058 1883 1304 1979 origenianae
1323 1879 1517 1961 haereseos
1544 1877 1819 1956 condemnabit.

248 1981 503 2064 Pnflattvenim
529 1978 593 2055 ille·
609 1981 658 2064 ita
678 2006 758 2050 sese
782 1979 861 2076 ipse
887 2003 1077 2065 excusare,
1102 1995 1145 2051 ut
1165 1980 1427 2054 conscientiam
1453 1975 1690 2074 deperditae,¹
1717 1976 1819 2049 desi-

248 2075 394 2160 derium
419 2075 647 2172 reparandae
671 2075 796 2149 salutis
822 2077 929 2152 malis
949 2075 1088 2173 angelis
1118 2101 1325 2174 poenarum
1349 2101 1428 2148 esse
1454 2086 1662 2173 augmento.
1673 2069 1818 2146 diceret

250 2173 307 2249 At·
328 2194 419 2256 sero
432 2171 578 2264 -justam
599 2172 876 2250 accusatoribus
895 2200 1043 2256 causam
1069 2174 1233 2248 criminis
1259 2200 1339 2248 non
1362 2173 1509 2264 deesse,
1540 2171 1663 2264 locus,
1689 2172 1821 2268 quiin

249 2270 381 2357 eadem
409 2271 659 2358 Enarratione
693 2271 741 2340 ad
774 2273 906 2350 1Petr.
931 2274 1000 2360 111,
1022 2289 1080 2356 22.
1117 2270 1269 2367 legitur,
1309 2269 1445 2370 probat
1479 2271 1659 2370 expressis
1679 2265 1818 2340 'verbis

251 2365 311 2436 Ibi
334 2360 433 2436 enim
451 2364 525 2434 ita':
552 2366 789 2456 “Racifieavit
815 2367 916 2438 Iesus
939 2391 1006 2462 per
1029 2369 1248 2461 sanguinem
1274 2371 1393 2444 crucis
1416 2393 1526 2458 snae,
1604 2451 1607 2458 ι
1630 2393 1649 2438 e
1670 2367 1710 2438 in
1729 2392 1822 2440 roe·-

250 2461 295 2534 lis
329 2473 364 2533 et
398 2483 493 2557 quae
525 2459 828 2551 intermeant,
863 2487 975 2534 omne
1001 2459 1145 2532 'bellum
1172 2464 1363 2536 destruens
1397 2480 1432 2535 et
1457 2479 1667 2536 tumulum.
1729 2463 1822 2538 Mox

251 2557 419 2642 enimin
439 2557 622 2640 'descensu
654 2555 733 2651 ejus
766 2571 802 2628 et
833 2559 1021 2642 nativitate
1051 2559 1148 2634 saeta
1173 2561 1386 2656 devirgine
1413 2561 1650 2634 dictumest:
1689 2557 1822 2632 Gloria

252 2657 291 2740 in
314 2652 590 2745 eusebianae„
628 2667 664 2726 et
685 2655 733 2731 in·
748 2668 845 2729 terra
866 2657 953 2754 pax!
1013 2657 1259 2730 Concorditer
1286 2672 1410 2730 autem
1440 2671 1475 2727 et
1503 2657 1821 2756 inpraesentibus

253 2752 395 2828 dictum
421 2753 761 2849 est21quia,..cum
787 2754 1044 2829 resurrexisset
1074 2780 1100 2824 a
1126 2754 1284 2834 mortuis
1310 2768 1346 2826 et
1378 2753 1522 2846 sederet
1551 2756 1589 2826 in
1623 2753 1751 2828 dextra
1779 2755 1821 2830 in

253 2849 420 2940 excelsis,
453 2851 643 2944 profectus
673 2851 712 2922 in
742 2850 911 2942 eoelum,
945 2849 1100 2945 subjecti
1129 2867 1218 2928 sunt
1250 2849 1446 2951 angelici,
1483 2865 1681 2950 potestates
1710 2867 1851 2952 atque,
1889 2875 1902 2898 ·‘

254 2948 417 3020 virtutes.
469 2947 573 3020 Sicut
597 2949 696 3020 enim
723 2948 893 3025 homines
916 2947 1185 3034 abstinentesa
1205 2950 1369 3048 peccatis
1387 2948 1544 3045 subjecti
1565 2964 1671 3042 sunt,
1709 2952 1823 3038 itaet

255 3045 449 3142 superiora
464 3044 669 3130 rationalia
692 3061 857 3123 correcta
879 3047 1095 3144 spontaneis
1118 3046 1258 3145 culpis,
1294 3053 1456 3146 quaest)
1481 3049 1652 3122 forsitam
1675 3045 1822 3120 hahue-

244 3156 363 3234 μοι,
392 3143 428 3217 ei
453 3139 618 3234 subjecta
637 3144 953 3242 suntpcompleta
974 3145 1247 3241 dispensatione
1275 3145 1401 3220 habita
1427 3172 1497 3244 pro
1522 3143 1637 3218 salute
1664 3158 1822 3218 cuncto-

246 3261 350 3328 rum.
402 3237 584 3322 Possibile
605 3255 660 3326 est
681 3255 827 3332 autem,
858 3241 1003 3339 aliquos
1025 3241 1284 3335 hujuscemodi
1306 3244 1518 3340 spontaneis
1537 3242 1723 3340 passionis
1749 3269 1825 3320 vo-

217 3421 220 3426 ¹
253 3333 708 3430 luctatibusabstinentes
726 3341 869 3432 dicere,
904 3341 992 3437 quia
1017 3365 1096 3415 non
1121 3340 1276 3417 omnino
1298 3343 1453 3418 mutatio
1474 3345 1571 3434 lacta
1595 3339 1822 3440 significatur

257 3432 500 3520 subditorum
515 3435 1039 3536 arrnnaliumeupernorumJ’

262 3572 269 3618 ⁵
367 3577 474 3657 Hanc
498 3581 658 3682 'Didymi
691 3583 980 3686 disputationem
1013 3614 1035 3660 a
1069 3589 1314 3663 condemnata
1346 3588 1516 3688 Origenis
1545 3587 1592 3660 de
1610 3563 1821 3669 ῗᾰποκατιιῖ

259 3677 389 3762 στάσει
414 3677 572 3762 πάντων
594 3681 764 3758 doctrina
789 3710 901 3786 quam
923 3685 1089 3784 proxime
1113 3685 1260 3780 abesse,
1285 3690 1369 3788 quis
1390 3686 1581 3785 est‚'quin
1602 3684 1740 3798 rideat!
1755 3700 1770 3792 ἰ
1808 3693 1823 3771 J

370 3829 617 3928 Dispiciamus
651 3855 752 3905 nune
787 3833 833 3906 de
871 3834 956 3907 loro
997 3831 1063 3905 illo
1103 3835 1143 3905 in
1181 3835 1278 3906 libro
1317 3837 1365 3908 D.
1404 3849 1534 3908 contra
1567 3832 1823 3925 Manichacus,

261 3949 372 4024 quem
395 3926 522 4000 dicunt
545 3925 740 4018 haereseos
765 3933 1009 4030 origenianae
1030 3930 1174 4005 crimini
1202 3931 1311 4048 plane
1336 3935 1564 4008 eontrarium
1585 3957 1679 4004 esse.
1709 3933 1825 4005 *Ex*

260 4036 333 4097 stat
365 4036 497 4114 autem·
516 4025 622 4099 locus
654 4027 696 4100 in
726 4031 959 4130 Basnagiana
998 4028 1217 4106 illiuslibrr
1256 4030 1416 4104 editione
1449 4045 1583 4128 p.213.
1616 4028 1707 4104 lbi
1737 4031 1823 4104 Did.

261 4135 392 4194 contra
412 4146 477 4194 eos
501 4125 683 4224 imprimis
707 4127 888 4227 disputat,
914 4130 979 4227 qui
1001 4129 1121 4204 Deum
1146 4141 1337 4202 auctorem
1356 4129 1495 4204 faciunt
1515 4128 1665 4224 peceati.
1724 4129 1826 4200 Haec

299 4418 334 4510 Ἴ
356 4414 404 4478 Its
425 4433 467 4476 ex
491 4371 657 4478 verissime
674 4415 865 4502 Mingarellii
888 4418 1071 4500 conjectura
1092 4365 1298 4482 scribendum
1319 4441 1442 4483 censeo.

300 4524 347 4602 pt)
368 4521 416 4586 lta
437 4523 606 4609 legendum
621 4519 706 4611 ¹puto
727 4547 788 4610 pro
815 4548 918 4612 qnae,
945 4525 1085 4610 quodie
1107 4525 1298 4614 bibliothecis
1322 4508 1591 4620 expressumest.
1645 4609 1649 4616 Ι

1423 4656 1445 4722 2
1473 4642 1494 4682 a
