<?xml version="1.0" encoding="UTF-8"?>
<!DOCTYPE html PUBLIC "-//W3C//DTD XHTML 1.0 Transitional//EN"
    "http://www.w3.org/TR/xhtml1/DTD/xhtml1-transitional.dtd">
<html xmlns="http://www.w3.org/1999/xhtml" xml:lang="en" lang="en">
 <head>
  <title>
</title>
<meta http-equiv="Content-Type" content="text/html;charset=utf-8" />
  <meta name='ocr-system' content='tesseract 3.04.00' />
  <meta name='ocr-capabilities' content='ocr_page ocr_carea ocr_par ocr_line ocrx_word'/>
</head>
<body>
  <div class='ocr_page' id='page_1' title='image "./quaestionesacvi00lcgoog_0033.png"; bbox 0 0 4608 5460; ppageno 0'>
   <div class='ocr_carea' id='block_1_1' title="bbox 910 329 1362 537">
    <p class='ocr_par' dir='ltr' id='par_1_1' title="bbox 910 329 1362 537">
     <span class='ocr_line' id='line_1_1' title="bbox 910 329 1362 537; baseline -0.013 -81"><span class='ocrx_word' id='word_1_1' title='bbox 910 329 1362 537; x_wconf 19' lang='grc' dir='ltr'><strong>...μ’-ι</strong></span> 
     </span>
    </p>
   </div>
   <div class='ocr_carea' id='block_1_2' title="bbox 262 585 2021 687">
    <p class='ocr_par' dir='ltr' id='par_1_2' title="bbox 262 585 2021 687">
     <span class='ocr_line' id='line_1_2' title="bbox 262 585 2021 687; baseline 0.006 -25"><span class='ocrx_word' id='word_1_2' title='bbox 262 603 298 662; x_wconf 87' lang='lat' dir='ltr'><strong>et</strong></span> <span class='ocrx_word' id='word_1_3' title='bbox 323 590 475 662; x_wconf 77' lang='lat' dir='ltr'><strong>iterum:</strong></span> <span class='ocrx_word' id='word_1_4' title='bbox 501 593 596 686; x_wconf 85' lang='lat' dir='ltr'><strong>“ego</strong></span> <span class='ocrx_word' id='word_1_5' title='bbox 622 614 704 660; x_wconf 88' lang='lat' dir='ltr'><strong>sum</strong></span> <span class='ocrx_word' id='word_1_6' title='bbox 732 588 793 661; x_wconf 87' lang='lat' dir='ltr'><strong>lux</strong></span> <span class='ocrx_word' id='word_1_7' title='bbox 817 588 965 680; x_wconf 87' lang='lat' dir='ltr'><strong>mundi,</strong></span> <span class='ocrx_word' id='word_1_8' title='bbox 992 590 1057 686; x_wconf 89' lang='lat' dir='ltr'><strong>qui</strong></span> <span class='ocrx_word' id='word_1_9' title='bbox 1080 613 1140 662; x_wconf 88' lang='lat' dir='ltr'><strong>me</strong></span> <span class='ocrx_word' id='word_1_10' title='bbox 1165 592 1352 687; x_wconf 81' lang='lat' dir='ltr'><strong>sequitur,</strong></span> <span class='ocrx_word' id='word_1_11' title='bbox 1377 585 1456 664; x_wconf 87' lang='lat' dir='ltr'><strong>nori</strong></span> <span class='ocrx_word' id='word_1_12' title='bbox 1478 587 1643 667; x_wconf 88' lang='lat' dir='ltr'><strong>ambulat</strong></span> <span class='ocrx_word' id='word_1_13' title='bbox 1664 597 1704 668; x_wconf 92' lang='lat' dir='ltr'><strong>in</strong></span> <span class='ocrx_word' id='word_1_14' title='bbox 1727 611 1837 672; x_wconf 76' lang='lat' dir='ltr'><strong>tene·</strong></span> <span class='ocrx_word' id='word_1_15' title='bbox 1913 627 1919 636; x_wconf 94' lang='lat'><em>·</em></span> <span class='ocrx_word' id='word_1_16' title='bbox 2013 593 2021 600; x_wconf 69' lang='grc'><strong>’</strong></span> 
     </span>
    </p>
   </div>
   <div class='ocr_carea' id='block_1_3' title="bbox 259 684 1837 1258">
    <p class='ocr_par' dir='ltr' id='par_1_3' title="bbox 261 684 1837 975">
     <span class='ocr_line' id='line_1_3' title="bbox 261 684 1837 787; baseline 0.006 -27"><span class='ocrx_word' id='word_1_17' title='bbox 261 684 361 778; x_wconf 80' lang='lat' dir='ltr'><strong>bris,</strong></span> <span class='ocrx_word' id='word_1_18' title='bbox 386 691 450 760; x_wconf 86' lang='lat' dir='ltr'><strong>sed</strong></span> <span class='ocrx_word' id='word_1_19' title='bbox 478 686 630 760; x_wconf 82' lang='lat' dir='ltr'><strong>habebit</strong></span> <span class='ocrx_word' id='word_1_20' title='bbox 654 687 774 759; x_wconf 88' lang='lat' dir='ltr'><strong>lucem</strong></span> <span class='ocrx_word' id='word_1_21' title='bbox 797 688 926 760; x_wconf 83' lang='lat' dir='ltr'><strong>vitae.”</strong></span> <span class='ocrx_word' id='word_1_22' title='bbox 978 687 1155 784; x_wconf 83' lang='lat' dir='ltr'><strong>Quisquis</strong></span> <span class='ocrx_word' id='word_1_23' title='bbox 1180 690 1278 760; x_wconf 88' lang='lat' dir='ltr'><strong>enim</strong></span> <span class='ocrx_word' id='word_1_24' title='bbox 1302 691 1491 787; x_wconf 88' lang='lat' dir='ltr'><strong>peccando</strong></span> <span class='ocrx_word' id='word_1_25' title='bbox 1512 689 1551 760; x_wconf 90' lang='lat' dir='ltr'><strong>in</strong></span> <span class='ocrx_word' id='word_1_26' title='bbox 1572 692 1734 768; x_wconf 87' lang='lat' dir='ltr'><strong>tenebris</strong></span> <span class='ocrx_word' id='word_1_27' title='bbox 1749 723 1837 770; x_wconf 84' lang='lat' dir='ltr'><strong>am·-</strong></span> 
     </span>
     <span class='ocr_line' id='line_1_4' title="bbox 261 782 1837 886; baseline 0.008 -30"><span class='ocrx_word' id='word_1_28' title='bbox 261 782 396 860; x_wconf 87' lang='lat' dir='ltr'><strong>hulans</strong></span> <span class='ocrx_word' id='word_1_29' title='bbox 422 787 571 879; x_wconf 81' lang='lat' dir='ltr'>dixerit,</span> <span class='ocrx_word' id='word_1_30' title='bbox 597 813 637 860; x_wconf 87' lang='lat' dir='ltr'><strong>se</strong></span> <span class='ocrx_word' id='word_1_31' title='bbox 662 786 965 878; x_wconf 20' lang='lat' dir='ltr'><strong>communio-nem</strong></span> <span class='ocrx_word' id='word_1_32' title='bbox 989 783 1127 858; x_wconf 89' lang='lat' dir='ltr'><strong>habere</strong></span> <span class='ocrx_word' id='word_1_33' title='bbox 1147 811 1215 884; x_wconf 86' lang='lat' dir='ltr'><strong>per</strong></span> <span class='ocrx_word' id='word_1_34' title='bbox 1236 789 1471 886; x_wconf 71' lang='lat' dir='ltr'><strong>participium</strong></span> <span class='ocrx_word' id='word_1_35' title='bbox 1499 789 1600 885; x_wconf 89' lang='lat' dir='ltr'><strong>apud</strong></span> <span class='ocrx_word' id='word_1_36' title='bbox 1621 795 1764 886; x_wconf 86' lang='lat' dir='ltr'><strong>Deum,</strong></span> <span class='ocrx_word' id='word_1_37' title='bbox 1801 812 1837 868; x_wconf 89' lang='lat' dir='ltr'><strong>et</strong></span> 
     </span>
     <span class='ocr_line' id='line_1_5' title="bbox 261 883 1836 975; baseline 0.008 -19"><span class='ocrx_word' id='word_1_38' title='bbox 261 887 384 958; x_wconf 78' lang='lat' dir='ltr'><strong>mente</strong></span> <span class='ocrx_word' id='word_1_39' title='bbox 403 909 483 958; x_wconf 93' lang='lat' dir='ltr'><strong>non</strong></span> <span class='ocrx_word' id='word_1_40' title='bbox 505 911 583 958; x_wconf 87' lang='lat' dir='ltr'><strong>esse</strong></span> <span class='ocrx_word' id='word_1_41' title='bbox 602 883 819 975; x_wconf 77' lang='lat' dir='ltr'><strong>tenebrosa,</strong></span> <span class='ocrx_word' id='word_1_42' title='bbox 846 884 1032 974; x_wconf 86' lang='lat' dir='ltr'><strong>mentitur,</strong></span> <span class='ocrx_word' id='word_1_43' title='bbox 1057 909 1137 956; x_wconf 93' lang='lat' dir='ltr'><strong>non</strong></span> <span class='ocrx_word' id='word_1_44' title='bbox 1158 884 1296 958; x_wconf 81' lang='lat' dir='ltr'><strong>faciens</strong></span> <span class='ocrx_word' id='word_1_45' title='bbox 1321 888 1521 960; x_wconf 87' lang='lat' dir='ltr'><strong>veritatem.</strong></span> <span class='ocrx_word' id='word_1_46' title='bbox 1574 891 1615 962; x_wconf 92' lang='lat' dir='ltr'><strong>Si</strong></span> <span class='ocrx_word' id='word_1_47' title='bbox 1641 893 1740 964; x_wconf 90' lang='lat' dir='ltr'><strong>enim</strong></span> <span class='ocrx_word' id='word_1_48' title='bbox 1765 919 1836 969; x_wconf 83' lang='lat' dir='ltr'><strong>ve-</strong></span> 
     </span>
    </p>

    <p class='ocr_par' dir='ltr' id='par_1_4' title="bbox 260 981 1835 1083">
     <span class='ocr_line' id='line_1_6' title="bbox 260 981 1835 1083; baseline 0.006 -28"><span class='ocrx_word' id='word_1_49' title='bbox 260 983 351 1056; x_wconf 90' lang='lat' dir='ltr'><strong>ritas</strong></span> <span class='ocrx_word' id='word_1_50' title='bbox 381 981 495 1064; x_wconf 88' lang='lat' dir='ltr'><strong>rebus</strong></span> <span class='ocrx_word' id='word_1_51' title='bbox 530 983 621 1083; x_wconf 89' lang='lat' dir='ltr'><strong>ipsis</strong></span> <span class='ocrx_word' id='word_1_52' title='bbox 652 983 909 1056; x_wconf 80' lang='lat' dir='ltr'><strong>manifestatur</strong></span> <span class='ocrx_word' id='word_1_53' title='bbox 938 1007 1114 1081; x_wconf 82' lang='lat' dir='ltr'><strong>pereas,</strong></span> <span class='ocrx_word' id='word_1_54' title='bbox 1148 1009 1170 1054; x_wconf 88' lang='lat' dir='ltr'><strong>a</strong></span> <span class='ocrx_word' id='word_1_55' title='bbox 1206 981 1344 1080; x_wconf 91' lang='lat' dir='ltr'><strong>quibus</strong></span> <span class='ocrx_word' id='word_1_56' title='bbox 1376 987 1515 1081; x_wconf 90' lang='lat' dir='ltr'><strong>agitur,</strong></span> <span class='ocrx_word' id='word_1_57' title='bbox 1551 985 1591 1059; x_wconf 91' lang='lat' dir='ltr'><strong>id</strong></span> <span class='ocrx_word' id='word_1_58' title='bbox 1617 1001 1690 1082; x_wconf 86' lang='lat' dir='ltr'><strong>est,</strong></span> <span class='ocrx_word' id='word_1_59' title='bbox 1722 988 1835 1064; x_wconf 87' lang='lat' dir='ltr'><strong>rebus</strong></span> 
     </span>
    </p>

    <p class='ocr_par' dir='ltr' id='par_1_5' title="bbox 259 1079 1834 1258">
     <span class='ocr_line' id='line_1_7' title="bbox 259 1079 1834 1252; baseline 0.005 -100"><span class='ocrx_word' id='word_1_60' title='bbox 259 1081 380 1252; x_wconf 56' lang='lat' dir='ltr'><strong>{psiss</strong></span> <span class='ocrx_word' id='word_1_61' title='bbox 396 1081 553 1173; x_wconf 82' lang='lat' dir='ltr'><strong>fallitur,</strong></span> <span class='ocrx_word' id='word_1_62' title='bbox 579 1084 644 1182; x_wconf 91' lang='lat' dir='ltr'><strong>qui</strong></span> <span class='ocrx_word' id='word_1_63' title='bbox 661 1107 741 1155; x_wconf 92' lang='lat' dir='ltr'><strong>non</strong></span> <span class='ocrx_word' id='word_1_64' title='bbox 759 1081 846 1154; x_wconf 88' lang='lat' dir='ltr'><strong>facit</strong></span> <span class='ocrx_word' id='word_1_65' title='bbox 865 1105 926 1174; x_wconf 91' lang='lat' dir='ltr'><strong>ea,</strong></span> <span class='ocrx_word' id='word_1_66' title='bbox 953 1080 1037 1154; x_wconf 88' lang='lat' dir='ltr'><strong>licet</strong></span> <span class='ocrx_word' id='word_1_67' title='bbox 1058 1105 1153 1181; x_wconf 88' lang='lat' dir='ltr'><strong>pura</strong></span> <span class='ocrx_word' id='word_1_68' title='bbox 1178 1079 1283 1161; x_wconf 79' lang='lat' dir='ltr'><strong>verbi</strong></span> <span class='ocrx_word' id='word_1_69' title='bbox 1307 1081 1516 1182; x_wconf 78' lang='lat' dir='ltr'><strong>prolatione</strong></span> <span class='ocrx_word' id='word_1_70' title='bbox 1540 1083 1655 1179; x_wconf 85' lang='lat' dir='ltr'><strong>dieat,</strong></span> <span class='ocrx_word' id='word_1_71' title='bbox 1681 1113 1720 1161; x_wconf 85' lang='lat' dir='ltr'><strong>se</strong></span> <span class='ocrx_word' id='word_1_72' title='bbox 1738 1115 1834 1163; x_wconf 58' lang='lat' dir='ltr'><strong>cona·</strong></span> 
     </span>
     <span class='ocr_line' id='line_1_8' title="bbox 288 1182 576 1258; baseline 0.01 -7"><span class='ocrx_word' id='word_1_73' title='bbox 288 1182 355 1254; x_wconf 90' lang='lat' dir='ltr'><strong>teri</strong></span> <span class='ocrx_word' id='word_1_74' title='bbox 375 1182 576 1258; x_wconf 81' lang='lat' dir='ltr'><strong>veritatem.</strong></span> 
     </span>
    </p>
   </div>
   <div class='ocr_carea' id='block_1_4' title="bbox 258 1388 1836 1688">
    <p class='ocr_par' dir='ltr' id='par_1_6' title="bbox 258 1388 1836 1688">
     <span class='ocr_line' id='line_1_9' title="bbox 376 1388 1836 1492; baseline 0.005 -28"><span class='ocrx_word' id='word_1_75' title='bbox 376 1392 471 1464; x_wconf 66' lang='lat' dir='ltr'><strong>Ctrss</strong></span> <span class='ocrx_word' id='word_1_76' title='bbox 497 1393 543 1462; x_wconf 93' lang='lat' dir='ltr'><strong>II.</strong></span> <span class='ocrx_word' id='word_1_77' title='bbox 576 1417 611 1466; x_wconf 76' lang='lat' dir='ltr'><strong>v.</strong></span> <span class='ocrx_word' id='word_1_78' title='bbox 638 1405 672 1473; x_wconf 86' lang='lat'><strong>3.</strong></span> <span class='ocrx_word' id='word_1_79' title='bbox 694 1405 730 1474; x_wconf 88' lang='grc'><strong>4.</strong></span> <span class='ocrx_word' id='word_1_80' title='bbox 781 1390 853 1462; x_wconf 85' lang='lat' dir='ltr'><strong>“In</strong></span> <span class='ocrx_word' id='word_1_81' title='bbox 880 1388 954 1463; x_wconf 89' lang='lat' dir='ltr'><strong>hoc</strong></span> <span class='ocrx_word' id='word_1_82' title='bbox 980 1389 1135 1484; x_wconf 86' lang='lat' dir='ltr'><strong>seimus,</strong></span> <span class='ocrx_word' id='word_1_83' title='bbox 1168 1393 1348 1492; x_wconf 90' lang='lat' dir='ltr'><strong>quoniam</strong></span> <span class='ocrx_word' id='word_1_84' title='bbox 1382 1394 1625 1491; x_wconf 79' lang='lat' dir='ltr'><strong>eognovimus</strong></span> <span class='ocrx_word' id='word_1_85' title='bbox 1658 1411 1764 1488; x_wconf 84' lang='lat' dir='ltr'><strong>eum,</strong></span> <span class='ocrx_word' id='word_1_86' title='bbox 1803 1402 1836 1471; x_wconf 85' lang='lat' dir='ltr'><strong>si</strong></span> 
     </span>
     <span class='ocr_line' id='line_1_10' title="bbox 260 1488 1835 1589; baseline 0.004 -30"><span class='ocrx_word' id='word_1_87' title='bbox 260 1488 435 1560; x_wconf 88' lang='lat' dir='ltr'><strong>mandata</strong></span> <span class='ocrx_word' id='word_1_88' title='bbox 452 1488 530 1584; x_wconf 75' lang='lat' dir='ltr'><strong>ejus</strong></span> <span class='ocrx_word' id='word_1_89' title='bbox 545 1513 744 1563; x_wconf 80' lang='lat' dir='ltr'><strong>servamus.</strong></span> <span class='ocrx_word' id='word_1_90' title='bbox 796 1491 871 1581; x_wconf 84' lang='lat' dir='ltr'><strong>Qui</strong></span> <span class='ocrx_word' id='word_1_91' title='bbox 897 1489 986 1562; x_wconf 90' lang='lat' dir='ltr'><strong>dicit</strong></span> <span class='ocrx_word' id='word_1_92' title='bbox 1006 1515 1045 1563; x_wconf 88' lang='lat' dir='ltr'><strong>se</strong></span> <span class='ocrx_word' id='word_1_93' title='bbox 1068 1517 1152 1564; x_wconf 90' lang='lat' dir='ltr'><strong>eum</strong></span> <span class='ocrx_word' id='word_1_94' title='bbox 1172 1494 1284 1585; x_wconf 87' lang='lat' dir='ltr'><strong>scire,</strong></span> <span class='ocrx_word' id='word_1_95' title='bbox 1312 1505 1347 1566; x_wconf 92' lang='lat' dir='ltr'><strong>et</strong></span> <span class='ocrx_word' id='word_1_96' title='bbox 1361 1493 1539 1566; x_wconf 89' lang='lat' dir='ltr'><strong>mandata</strong></span> <span class='ocrx_word' id='word_1_97' title='bbox 1558 1492 1636 1589; x_wconf 89' lang='lat' dir='ltr'><strong>ejus</strong></span> <span class='ocrx_word' id='word_1_98' title='bbox 1653 1519 1734 1567; x_wconf 90' lang='lat' dir='ltr'><strong>non</strong></span> <span class='ocrx_word' id='word_1_99' title='bbox 1752 1521 1835 1568; x_wconf 88' lang='lat' dir='ltr'><strong>ser-</strong></span> 
     </span>
     <span class='ocr_line' id='line_1_11' title="bbox 258 1590 713 1688; baseline -0.002 -28"><span class='ocrx_word' id='word_1_100' title='bbox 258 1600 339 1688; x_wconf 75' lang='lat' dir='ltr'><strong>vat,</strong></span> <span class='ocrx_word' id='word_1_101' title='bbox 367 1590 523 1659; x_wconf 86' lang='lat' dir='ltr'><strong>mendax</strong></span> <span class='ocrx_word' id='word_1_102' title='bbox 547 1599 624 1660; x_wconf 87' lang='lat' dir='ltr'><strong>est’&#39;</strong></span> <span class='ocrx_word' id='word_1_103' title='bbox 647 1603 713 1660; x_wconf 88' lang='lat' dir='ltr'><strong>etc.</strong></span> 
     </span>
    </p>
   </div>
   <div class='ocr_carea' id='block_1_5' title="bbox 206 1737 1926 2145">
    <p class='ocr_par' dir='ltr' id='par_1_7' title="bbox 206 1737 1926 2145">
     <span class='ocr_line' id='line_1_12' title="bbox 309 1737 1926 1847; baseline 0.004 -33"><span class='ocrx_word' id='word_1_104' title='bbox 309 1738 364 1820; x_wconf 68' lang='lat' dir='ltr'><strong>To*</strong></span> <span class='ocrx_word' id='word_1_105' title='bbox 397 1737 592 1841; x_wconf 70' lang='grc' dir='ltr'><strong>γινώσκειν</strong></span> <span class='ocrx_word' id='word_1_106' title='bbox 626 1749 667 1823; x_wconf 73' lang='grc' dir='ltr'><strong>ἐν</strong></span> <span class='ocrx_word' id='word_1_107' title='bbox 702 1750 755 1843; x_wconf 71' lang='grc' dir='ltr'><strong>τῇ</strong></span> <span class='ocrx_word' id='word_1_108' title='bbox 786 1749 920 1847; x_wconf 69' lang='grc' dir='ltr'><strong>γιιφῇ</strong></span> <span class='ocrx_word' id='word_1_109' title='bbox 948 1739 1024 1841; x_wconf 75' lang='grc' dir='ltr'><strong>μά.</strong></span> <span class='ocrx_word' id='word_1_110' title='bbox 1123 1743 1272 1818; x_wconf 85' lang='lat' dir='ltr'><strong>Sciendi</strong></span> <span class='ocrx_word' id='word_1_111' title='bbox 1297 1769 1364 1818; x_wconf 84' lang='lat' dir='ltr'><strong>seu</strong></span> <span class='ocrx_word' id='word_1_112' title='bbox 1381 1744 1631 1843; x_wconf 88' lang='lat' dir='ltr'><strong>cognoscendi</strong></span> <span class='ocrx_word' id='word_1_113' title='bbox 1654 1771 1777 1820; x_wconf 87' lang='lat' dir='ltr'><strong>sermo</strong></span> <span class='ocrx_word' id='word_1_114' title='bbox 1795 1748 1836 1820; x_wconf 88' lang='lat' dir='ltr'><strong>in</strong></span> <span class='ocrx_word' id='word_1_115' title='bbox 1924 1769 1926 1780; x_wconf 91' lang='grc'><em>·</em></span> 
     </span>
     <span class='ocr_line' id='line_1_13' title="bbox 259 1773 1834 1942; baseline -0.002 -22"><span class='ocrx_word' id='word_1_116' title='bbox 259 1845 381 1922; x_wconf 78' lang='grc' dir='ltr'><strong><em>λιστα</em></strong></span> <span class='ocrx_word' id='word_1_117' title='bbox 409 1837 475 1924; x_wconf 76' lang='lat' dir='ltr'><strong>otia</strong></span> <span class='ocrx_word' id='word_1_118' title='bbox 501 1839 563 1922; x_wconf 79' lang='lat' dir='ltr'><strong>cisi</strong></span> <span class='ocrx_word' id='word_1_119' title='bbox 585 1840 630 1921; x_wconf 77' lang='lat' dir='ltr'><strong>ri</strong></span> <span class='ocrx_word' id='word_1_120' title='bbox 664 1773 882 1926; x_wconf 56' lang='lat' dir='ltr'><strong>tricesim</strong></span> <span class='ocrx_word' id='word_1_121' title='bbox 908 1837 1024 1936; x_wconf 76' lang='grc' dir='ltr'><strong>δηλοῖ,</strong></span> <span class='ocrx_word' id='word_1_122' title='bbox 1073 1843 1260 1942; x_wconf 80' lang='lat' dir='ltr'><strong>scriptura</strong></span> <span class='ocrx_word' id='word_1_123' title='bbox 1272 1842 1398 1918; x_wconf 85' lang='lat' dir='ltr'><strong>divina</strong></span> <span class='ocrx_word' id='word_1_124' title='bbox 1413 1845 1625 1942; x_wconf 80' lang='lat' dir='ltr'><strong>praecipue,</strong></span> <span class='ocrx_word' id='word_1_125' title='bbox 1641 1871 1834 1918; x_wconf 84' lang='lat' dir='ltr'><strong>nonsem-</strong></span> 
     </span>
     <span class='ocr_line' id='line_1_14' title="bbox 258 1937 1837 2040; baseline -0.004 -19"><span class='ocrx_word' id='word_1_126' title='bbox 258 1937 378 2020; x_wconf 74' lang='grc' dir='ltr'><strong>άλλοὶ</strong></span> <span class='ocrx_word' id='word_1_127' title='bbox 401 1940 469 2020; x_wconf 78' lang='lat' dir='ltr'><strong>aci</strong></span> <span class='ocrx_word' id='word_1_128' title='bbox 493 1941 536 2022; x_wconf 75' lang='lat' dir='ltr'><strong>ri</strong></span> <span class='ocrx_word' id='word_1_129' title='bbox 557 1941 691 2039; x_wconf 71' lang='lat' dir='ltr'><strong>arciaca</strong></span> <span class='ocrx_word' id='word_1_130' title='bbox 706 1941 804 2026; x_wconf 79' lang='grc' dir='ltr'><strong>τινὸς</strong></span> <span class='ocrx_word' id='word_1_131' title='bbox 819 1942 1022 2040; x_wconf 70' lang='grc' dir='ltr'><strong><em>ἐσχηκέναι</em></strong></span> <span class='ocrx_word' id='word_1_132' title='bbox 1073 1966 1140 2037; x_wconf 87' lang='lat' dir='ltr'><strong>per</strong></span> <span class='ocrx_word' id='word_1_133' title='bbox 1158 1941 1329 2013; x_wconf 86' lang='lat' dir='ltr'><strong>notitiam</strong></span> <span class='ocrx_word' id='word_1_134' title='bbox 1346 1942 1568 2033; x_wconf 83' lang='lat' dir='ltr'><strong>manifestat,</strong></span> <span class='ocrx_word' id='word_1_135' title='bbox 1592 1941 1664 2013; x_wconf 89' lang='lat' dir='ltr'><strong>nisi</strong></span> <span class='ocrx_word' id='word_1_136' title='bbox 1687 1943 1837 2040; x_wconf 84' lang='lat' dir='ltr'><strong>experi-</strong></span> 
     </span>
     <span class='ocr_line' id='line_1_15' title="bbox 206 2035 1836 2145; baseline 0.002 -35"><span class='ocrx_word' id='word_1_137' title='bbox 206 2127 209 2134; x_wconf 90' lang='lat'><em>.</em></span> <span class='ocrx_word' id='word_1_138' title='bbox 258 2037 327 2121; x_wconf 71' lang='grc' dir='ltr'><strong>καὶ</strong></span> <span class='ocrx_word' id='word_1_139' title='bbox 349 2035 501 2128; x_wconf 56' lang='grc' dir='ltr'><strong>ἡνῶσθαι</strong></span> <span class='ocrx_word' id='word_1_140' title='bbox 528 2037 645 2145; x_wconf 71' lang='grc' dir='ltr'>αὐτῷ,</span> <span class='ocrx_word' id='word_1_141' title='bbox 1073 2051 1240 2110; x_wconf 88' lang='lat' dir='ltr'><strong>mentum</strong></span> <span class='ocrx_word' id='word_1_142' title='bbox 1255 2036 1409 2135; x_wconf 91' lang='lat' dir='ltr'><strong>alicujus</strong></span> <span class='ocrx_word' id='word_1_143' title='bbox 1427 2037 1564 2112; x_wconf 89' lang='lat' dir='ltr'><strong>habere</strong></span> <span class='ocrx_word' id='word_1_144' title='bbox 1578 2039 1646 2132; x_wconf 86' lang='lat' dir='ltr'><strong>rei,</strong></span> <span class='ocrx_word' id='word_1_145' title='bbox 1671 2052 1707 2110; x_wconf 89' lang='lat' dir='ltr'><strong>et</strong></span> <span class='ocrx_word' id='word_1_146' title='bbox 1725 2041 1836 2134; x_wconf 87' lang='lat' dir='ltr'><strong>uniri,</strong></span> 
     </span>
    </p>
   </div>
   <div class='ocr_carea' id='block_1_6' title="bbox 155 2147 1932 3832">
    <p class='ocr_par' dir='ltr' id='par_1_8' title="bbox 155 2147 1932 3832">
     <span class='ocr_line' id='line_1_16' title="bbox 259 2147 1834 2266; baseline 0.005 -32"><span class='ocrx_word' id='word_1_147' title='bbox 259 2176 451 2262; x_wconf 83' lang='lat' dir='ltr'><strong>tamquam</strong></span> <span class='ocrx_word' id='word_1_148' title='bbox 476 2163 590 2257; x_wconf 85' lang='lat' dir='ltr'><strong>ineo,</strong></span> <span class='ocrx_word' id='word_1_149' title='bbox 612 2167 676 2265; x_wconf 90' lang='lat' dir='ltr'><strong>qui</strong></span> <span class='ocrx_word' id='word_1_150' title='bbox 692 2147 770 2240; x_wconf 85' lang='lat' dir='ltr'><strong>nim</strong></span> <span class='ocrx_word' id='word_1_151' title='bbox 787 2169 893 2242; x_wconf 80' lang='lat' dir='ltr'><strong>scivit</strong></span> <span class='ocrx_word' id='word_1_152' title='bbox 911 2179 1117 2266; x_wconf 89' lang='lat' dir='ltr'><strong>peccatum,</strong></span> <span class='ocrx_word' id='word_1_153' title='bbox 1142 2180 1184 2238; x_wconf 90' lang='lat' dir='ltr'><strong>ut</strong></span> <span class='ocrx_word' id='word_1_154' title='bbox 1202 2164 1311 2240; x_wconf 84' lang='lat' dir='ltr'><strong>illud:</strong></span> <span class='ocrx_word' id='word_1_155' title='bbox 1338 2173 1573 2265; x_wconf 83' lang='lat' dir='ltr'><strong>“numquam</strong></span> <span class='ocrx_word' id='word_1_156' title='bbox 1590 2191 1658 2240; x_wconf 79' lang='lat' dir='ltr'><strong>vos</strong></span> <span class='ocrx_word' id='word_1_157' title='bbox 1684 2167 1834 2264; x_wconf 77' lang='lat' dir='ltr'><strong>agnovi,</strong></span> 
     </span>
     <span class='ocr_line' id='line_1_17' title="bbox 261 2263 1837 2365; baseline 0.002 -32"><span class='ocrx_word' id='word_1_158' title='bbox 261 2264 423 2359; x_wconf 81' lang='lat' dir='ltr'><strong>operarii</strong></span> <span class='ocrx_word' id='word_1_159' title='bbox 438 2264 675 2360; x_wconf 89' lang='lat' dir='ltr'><strong>iniquitatis.’&#39;</strong></span> <span class='ocrx_word' id='word_1_160' title='bbox 701 2268 897 2356; x_wconf 84' lang='lat' dir='ltr'><strong>Peccatum</strong></span> <span class='ocrx_word' id='word_1_161' title='bbox 910 2265 1009 2336; x_wconf 90' lang='lat' dir='ltr'><strong>enim</strong></span> <span class='ocrx_word' id='word_1_162' title='bbox 1021 2264 1185 2357; x_wconf 85' lang='lat' dir='ltr'><strong>nescivit,</strong></span> <span class='ocrx_word' id='word_1_163' title='bbox 1202 2291 1282 2338; x_wconf 90' lang='lat' dir='ltr'><strong>non</strong></span> <span class='ocrx_word' id='word_1_164' title='bbox 1298 2264 1402 2365; x_wconf 87' lang='lat' dir='ltr'><strong>quod</strong></span> <span class='ocrx_word' id='word_1_165' title='bbox 1414 2291 1493 2338; x_wconf 92' lang='lat' dir='ltr'><strong>non</strong></span> <span class='ocrx_word' id='word_1_166' title='bbox 1507 2263 1638 2338; x_wconf 89' lang='lat' dir='ltr'><strong>habuit</strong></span> <span class='ocrx_word' id='word_1_167' title='bbox 1650 2264 1837 2355; x_wconf 85' lang='lat' dir='ltr'><strong>notitiam,</strong></span> 
     </span>
     <span class='ocr_line' id='line_1_18' title="bbox 155 2358 1835 2462; baseline 0.002 -33"><span class='ocrx_word' id='word_1_168' title='bbox 155 2379 159 2388; x_wconf 72' lang='grc'><em>’</em></span> <span class='ocrx_word' id='word_1_169' title='bbox 261 2358 354 2457; x_wconf 89' lang='lat' dir='ltr'><strong>quid</strong></span> <span class='ocrx_word' id='word_1_170' title='bbox 374 2375 467 2431; x_wconf 86' lang='lat' dir='ltr'><strong>esset</strong></span> <span class='ocrx_word' id='word_1_171' title='bbox 490 2376 700 2457; x_wconf 86' lang='lat' dir='ltr'><strong>peecatum,</strong></span> <span class='ocrx_word' id='word_1_172' title='bbox 726 2361 792 2432; x_wconf 89' lang='lat' dir='ltr'><strong>sed</strong></span> <span class='ocrx_word' id='word_1_173' title='bbox 809 2363 897 2459; x_wconf 87' lang='lat' dir='ltr'><strong>quia</strong></span> <span class='ocrx_word' id='word_1_174' title='bbox 911 2386 992 2432; x_wconf 91' lang='lat' dir='ltr'><strong>non</strong></span> <span class='ocrx_word' id='word_1_175' title='bbox 1006 2361 1091 2432; x_wconf 82' lang='lat' dir='ltr'><strong>fecit</strong></span> <span class='ocrx_word' id='word_1_176' title='bbox 1108 2361 1219 2454; x_wconf 86' lang='lat' dir='ltr'><strong>illud3</strong></span> <span class='ocrx_word' id='word_1_177' title='bbox 1244 2376 1439 2460; x_wconf 89' lang='lat' dir='ltr'><strong>peccatum</strong></span> <span class='ocrx_word' id='word_1_178' title='bbox 1456 2388 1618 2462; x_wconf 90' lang='lat' dir='ltr'><strong>namque</strong></span> <span class='ocrx_word' id='word_1_179' title='bbox 1640 2387 1720 2434; x_wconf 91' lang='lat' dir='ltr'><strong>non</strong></span> <span class='ocrx_word' id='word_1_180' title='bbox 1736 2361 1835 2452; x_wconf 84' lang='lat' dir='ltr'><strong>fecit,</strong></span> 
     </span>
     <span class='ocr_line' id='line_1_19' title="bbox 258 2455 1835 2558; baseline 0.003 -30"><span class='ocrx_word' id='word_1_181' title='bbox 258 2455 344 2528; x_wconf 89' lang='lat' dir='ltr'><strong>licet</strong></span> <span class='ocrx_word' id='word_1_182' title='bbox 361 2470 531 2556; x_wconf 86' lang='lat' dir='ltr'><strong>expertus</strong></span> <span class='ocrx_word' id='word_1_183' title='bbox 546 2458 593 2530; x_wconf 89' lang='lat' dir='ltr'><strong>sit</strong></span> <span class='ocrx_word' id='word_1_184' title='bbox 613 2456 739 2531; x_wconf 90' lang='lat' dir='ltr'><strong>omnia</strong></span> <span class='ocrx_word' id='word_1_185' title='bbox 761 2457 966 2532; x_wconf 88' lang='lat' dir='ltr'><strong>secundum</strong></span> <span class='ocrx_word' id='word_1_186' title='bbox 979 2455 1258 2531; x_wconf 88' lang='lat' dir='ltr'><strong>similitudinem</strong></span> <span class='ocrx_word' id='word_1_187' title='bbox 1278 2464 1460 2553; x_wconf 89' lang='lat' dir='ltr'><strong>[nostram</strong></span> <span class='ocrx_word' id='word_1_188' title='bbox 1473 2456 1835 2558; x_wconf 85' lang='lat' dir='ltr'><strong>praeterpeceatum.</strong></span> 
     </span>
     <span class='ocr_line' id='line_1_20' title="bbox 260 2554 1838 2654; baseline 0 -26"><span class='ocrx_word' id='word_1_189' title='bbox 260 2555 474 2628; x_wconf 86' lang='lat' dir='ltr'><strong>Secundum</strong></span> <span class='ocrx_word' id='word_1_190' title='bbox 496 2554 595 2629; x_wconf 90' lang='lat' dir='ltr'><strong>hanc</strong></span> <span class='ocrx_word' id='word_1_191' title='bbox 620 2555 897 2630; x_wconf 88' lang='lat' dir='ltr'><strong>similitudinem</strong></span> <span class='ocrx_word' id='word_1_192' title='bbox 908 2555 970 2651; x_wconf 90' lang='lat'><strong>*)]</strong></span> <span class='ocrx_word' id='word_1_193' title='bbox 998 2554 1063 2653; x_wconf 91' lang='lat' dir='ltr'><strong>qui</strong></span> <span class='ocrx_word' id='word_1_194' title='bbox 1090 2555 1252 2630; x_wconf 88' lang='lat' dir='ltr'><strong>custodit</strong></span> <span class='ocrx_word' id='word_1_195' title='bbox 1276 2557 1516 2648; x_wconf 80' lang='lat' dir='ltr'><strong>mandatum,</strong></span> <span class='ocrx_word' id='word_1_196' title='bbox 1540 2582 1619 2628; x_wconf 89' lang='lat' dir='ltr'><strong>non</strong></span> <span class='ocrx_word' id='word_1_197' title='bbox 1644 2557 1838 2654; x_wconf 82' lang='lat' dir='ltr'><strong>cognoscit</strong></span> 
     </span>
     <span class='ocr_line' id='line_1_21' title="bbox 259 2652 1837 2754; baseline -0.001 -27"><span class='ocrx_word' id='word_1_198' title='bbox 259 2652 417 2727; x_wconf 88' lang='lat' dir='ltr'><strong>verbum</strong></span> <span class='ocrx_word' id='word_1_199' title='bbox 449 2654 663 2754; x_wconf 86' lang='lat' dir='ltr'><strong>malignum.</strong></span> <span class='ocrx_word' id='word_1_200' title='bbox 724 2656 823 2728; x_wconf 88' lang='lat' dir='ltr'><strong>Dicit</strong></span> <span class='ocrx_word' id='word_1_201' title='bbox 848 2668 971 2728; x_wconf 88' lang='lat' dir='ltr'><strong>autem</strong></span> <span class='ocrx_word' id='word_1_202' title='bbox 1000 2654 1080 2752; x_wconf 89' lang='lat' dir='ltr'><strong>ipse</strong></span> <span class='ocrx_word' id='word_1_203' title='bbox 1112 2654 1213 2727; x_wconf 87' lang='lat' dir='ltr'><strong>Iesus</strong></span> <span class='ocrx_word' id='word_1_204' title='bbox 1240 2654 1419 2754; x_wconf 89' lang='lat' dir='ltr'><strong>operariis</strong></span> <span class='ocrx_word' id='word_1_205' title='bbox 1445 2653 1670 2754; x_wconf 85' lang='lat' dir='ltr'><strong>iniquitatis,</strong></span> <span class='ocrx_word' id='word_1_206' title='bbox 1694 2660 1837 2729; x_wconf 87' lang='lat' dir='ltr'><strong>“num-</strong></span> 
     </span>
     <span class='ocr_line' id='line_1_22' title="bbox 260 2751 1837 2852; baseline 0.001 -29"><span class='ocrx_word' id='word_1_207' title='bbox 260 2779 375 2852; x_wconf 88' lang='lat' dir='ltr'><strong>quam</strong></span> <span class='ocrx_word' id='word_1_208' title='bbox 405 2780 473 2828; x_wconf 91' lang='lat' dir='ltr'><strong>vos</strong></span> <span class='ocrx_word' id='word_1_209' title='bbox 506 2756 685 2852; x_wconf 73' lang='lat' dir='ltr'><strong>agnoui’,</strong></span> <span class='ocrx_word' id='word_1_210' title='bbox 727 2751 945 2839; x_wconf 86' lang='lat' dir='ltr'><strong>ostendens,</strong></span> <span class='ocrx_word' id='word_1_211' title='bbox 981 2751 1161 2850; x_wconf 89' lang='lat' dir='ltr'><strong>quoniam</strong></span> <span class='ocrx_word' id='word_1_212' title='bbox 1191 2779 1399 2852; x_wconf 90' lang='lat' dir='ltr'><strong>numquam</strong></span> <span class='ocrx_word' id='word_1_213' title='bbox 1433 2779 1520 2824; x_wconf 87' lang='lat' dir='ltr'><strong>cum</strong></span> <span class='ocrx_word' id='word_1_214' title='bbox 1551 2778 1595 2824; x_wconf 87' lang='lat' dir='ltr'><strong>eo</strong></span> <span class='ocrx_word' id='word_1_215' title='bbox 1627 2752 1837 2850; x_wconf 88' lang='lat' dir='ltr'><strong>participati</strong></span> 
     </span>
     <span class='ocr_line' id='line_1_23' title="bbox 260 2847 1837 2951; baseline -0.001 -27"><span class='ocrx_word' id='word_1_216' title='bbox 260 2866 367 2942; x_wconf 84' lang='lat' dir='ltr'><strong>sunt,</strong></span> <span class='ocrx_word' id='word_1_217' title='bbox 391 2850 528 2951; x_wconf 90' lang='lat' dir='ltr'><strong>quibus</strong></span> <span class='ocrx_word' id='word_1_218' title='bbox 553 2851 627 2927; x_wconf 89' lang='lat' dir='ltr'><strong>hoe</strong></span> <span class='ocrx_word' id='word_1_219' title='bbox 649 2851 851 2926; x_wconf 88' lang='lat' dir='ltr'><strong>dicebatur.</strong></span> <span class='ocrx_word' id='word_1_220' title='bbox 901 2853 986 2924; x_wconf 88' lang='lat' dir='ltr'><strong>Hoc</strong></span> <span class='ocrx_word' id='word_1_221' title='bbox 1011 2849 1126 2922; x_wconf 92' lang='lat' dir='ltr'><strong>modo</strong></span> <span class='ocrx_word' id='word_1_222' title='bbox 1151 2877 1314 2951; x_wconf 81' lang='lat' dir='ltr'><strong>namque</strong></span> <span class='ocrx_word' id='word_1_223' title='bbox 1341 2850 1597 2950; x_wconf 86' lang='lat' dir='ltr'><strong>accipiendum</strong></span> <span class='ocrx_word' id='word_1_224' title='bbox 1633 2863 1688 2922; x_wconf 89' lang='lat' dir='ltr'><strong>est</strong></span> <span class='ocrx_word' id='word_1_225' title='bbox 1718 2863 1753 2922; x_wconf 89' lang='lat' dir='ltr'><strong>et</strong></span> <span class='ocrx_word' id='word_1_226' title='bbox 1787 2847 1837 2922; x_wconf 88' lang='lat' dir='ltr'><strong>il-</strong></span> 
     </span>
     <span class='ocr_line' id='line_1_24' title="bbox 260 2947 1838 3051; baseline 0 -30"><span class='ocrx_word' id='word_1_227' title='bbox 260 2947 343 3022; x_wconf 90' lang='lat' dir='ltr'><strong>lud:</strong></span> <span class='ocrx_word' id='word_1_228' title='bbox 372 2958 486 3023; x_wconf 87' lang='lat' dir='ltr'><strong>“tunc</strong></span> <span class='ocrx_word' id='word_1_229' title='bbox 503 2965 633 3038; x_wconf 49' lang='lat' dir='ltr'><strong>,autem</strong></span> <span class='ocrx_word' id='word_1_230' title='bbox 660 2964 922 3051; x_wconf 78' lang='lat' dir='ltr'><strong>cognoscentes</strong></span> <span class='ocrx_word' id='word_1_231' title='bbox 947 2951 1090 3042; x_wconf 89' lang='lat' dir='ltr'><strong>Deum,</strong></span> <span class='ocrx_word' id='word_1_232' title='bbox 1115 2950 1234 3048; x_wconf 87' lang='lat' dir='ltr'><strong>magis</strong></span> <span class='ocrx_word' id='word_1_233' title='bbox 1259 2963 1383 3022; x_wconf 88' lang='lat' dir='ltr'><strong>autem</strong></span> <span class='ocrx_word' id='word_1_234' title='bbox 1401 2950 1541 3048; x_wconf 80' lang='lat' dir='ltr'><strong>cogniti</strong></span> <span class='ocrx_word' id='word_1_235' title='bbox 1557 2974 1580 3021; x_wconf 90' lang='lat' dir='ltr'><strong>a</strong></span> <span class='ocrx_word' id='word_1_236' title='bbox 1599 2949 1704 3021; x_wconf 91' lang='lat' dir='ltr'><strong>Deo’&#39;</strong></span> <span class='ocrx_word' id='word_1_237' title='bbox 1731 2961 1768 3019; x_wconf 89' lang='lat' dir='ltr'><strong>et</strong></span> <span class='ocrx_word' id='word_1_238' title='bbox 1787 2947 1838 3021; x_wconf 91' lang='lat' dir='ltr'><strong>il-</strong></span> 
     </span>
     <span class='ocr_line' id='line_1_25' title="bbox 260 3044 1879 3149; baseline 0 -31"><span class='ocrx_word' id='word_1_239' title='bbox 260 3047 345 3120; x_wconf 86' lang='lat' dir='ltr'><strong>lud:</strong></span> <span class='ocrx_word' id='word_1_240' title='bbox 380 3050 510 3122; x_wconf 83' lang='lat' dir='ltr'><strong>“novit</strong></span> <span class='ocrx_word' id='word_1_241' title='bbox 531 3051 716 3124; x_wconf 88' lang='lat' dir='ltr'><strong>Dominus</strong></span> <span class='ocrx_word' id='word_1_242' title='bbox 741 3051 805 3149; x_wconf 92' lang='lat' dir='ltr'><strong>qui</strong></span> <span class='ocrx_word' id='word_1_243' title='bbox 833 3048 912 3145; x_wconf 91' lang='lat' dir='ltr'><strong>ejus</strong></span> <span class='ocrx_word' id='word_1_244' title='bbox 932 3058 1052 3120; x_wconf 57' lang='lat' dir='ltr'><strong>suut?</strong></span> <span class='ocrx_word' id='word_1_245' title='bbox 1103 3047 1201 3138; x_wconf 82' lang='lat' dir='ltr'><strong>Quia</strong></span> <span class='ocrx_word' id='word_1_246' title='bbox 1230 3075 1319 3122; x_wconf 82' lang='lat' dir='ltr'><strong>vero</strong></span> <span class='ocrx_word' id='word_1_247' title='bbox 1340 3062 1375 3119; x_wconf 88' lang='lat' dir='ltr'><strong>et</strong></span> <span class='ocrx_word' id='word_1_248' title='bbox 1397 3074 1468 3146; x_wconf 89' lang='lat' dir='ltr'><strong>pro</strong></span> <span class='ocrx_word' id='word_1_249' title='bbox 1485 3072 1599 3128; x_wconf 83' lang='lat' dir='ltr'><strong>nosse</strong></span> <span class='ocrx_word' id='word_1_250' title='bbox 1620 3049 1674 3144; x_wconf 86' lang='lat' dir='ltr'><strong>[rt</strong></span> <span class='ocrx_word' id='word_1_251' title='bbox 1693 3044 1837 3128; x_wconf 83' lang='lat' dir='ltr'><strong>dictum</strong></span> <span class='ocrx_word' id='word_1_252' title='bbox 1877 3045 1879 3052; x_wconf 79' lang='grc'><strong>’</strong></span> 
     </span>
     <span class='ocr_line' id='line_1_26' title="bbox 262 3143 1835 3248; baseline -0.002 -30"><span class='ocrx_word' id='word_1_253' title='bbox 262 3172 340 3219; x_wconf 86' lang='lat' dir='ltr'><strong>esse</strong></span> <span class='ocrx_word' id='word_1_254' title='bbox 351 3148 426 3244; x_wconf 65' lang='grc' dir='ltr'><strong>*Ἢ</strong></span> <span class='ocrx_word' id='word_1_255' title='bbox 444 3148 609 3248; x_wconf 90' lang='lat' dir='ltr'><strong>positum</strong></span> <span class='ocrx_word' id='word_1_256' title='bbox 625 3163 680 3222; x_wconf 90' lang='lat' dir='ltr'><strong>est</strong></span> <span class='ocrx_word' id='word_1_257' title='bbox 701 3147 840 3224; x_wconf 88' lang='lat' dir='ltr'><strong>sciendi</strong></span> <span class='ocrx_word' id='word_1_258' title='bbox 857 3151 1030 3238; x_wconf 81' lang='lat' dir='ltr'><strong>verbum,</strong></span> <span class='ocrx_word' id='word_1_259' title='bbox 1056 3159 1181 3244; x_wconf 90' lang='lat' dir='ltr'><strong>aperte</strong></span> <span class='ocrx_word' id='word_1_260' title='bbox 1200 3147 1344 3222; x_wconf 86' lang='lat' dir='ltr'><strong>videtur</strong></span> <span class='ocrx_word' id='word_1_261' title='bbox 1362 3171 1406 3220; x_wconf 80' lang='lat' dir='ltr'><strong>ex</strong></span> <span class='ocrx_word' id='word_1_262' title='bbox 1422 3171 1468 3218; x_wconf 87' lang='lat' dir='ltr'><strong>eo</strong></span> <span class='ocrx_word' id='word_1_263' title='bbox 1488 3143 1744 3244; x_wconf 18' lang='lat' dir='ltr'><strong>quodldictum</strong></span> <span class='ocrx_word' id='word_1_264' title='bbox 1761 3159 1835 3216; x_wconf 90' lang='lat' dir='ltr'><strong>est:</strong></span> 
     </span>
     <span class='ocr_line' id='line_1_27' title="bbox 192 3239 1906 3347; baseline -0.003 -30"><span class='ocrx_word' id='word_1_265' title='bbox 192 3315 197 3327; x_wconf 84' lang='grc'>,</span> <span class='ocrx_word' id='word_1_266' title='bbox 262 3246 466 3344; x_wconf 89' lang='lat' dir='ltr'><strong>“quoniam</strong></span> <span class='ocrx_word' id='word_1_267' title='bbox 492 3248 652 3346; x_wconf 88' lang='lat' dir='ltr'><strong>cognovi</strong></span> <span class='ocrx_word' id='word_1_268' title='bbox 678 3261 827 3347; x_wconf 90' lang='lat' dir='ltr'><strong>peccata</strong></span> <span class='ocrx_word' id='word_1_269' title='bbox 852 3255 1005 3322; x_wconf 79' lang='lat' dir='ltr'><strong>vestra.’&#39;</strong></span> <span class='ocrx_word' id='word_1_270' title='bbox 1065 3245 1167 3316; x_wconf 88' lang='lat' dir='ltr'><strong>Deus</strong></span> <span class='ocrx_word' id='word_1_271' title='bbox 1197 3245 1295 3318; x_wconf 88' lang='lat' dir='ltr'><strong>enim</strong></span> <span class='ocrx_word' id='word_1_272' title='bbox 1329 3245 1398 3318; x_wconf 89' lang='lat' dir='ltr'><strong>scit</strong></span> <span class='ocrx_word' id='word_1_273' title='bbox 1422 3257 1589 3344; x_wconf 87' lang='lat' dir='ltr'><strong>peccata,</strong></span> <span class='ocrx_word' id='word_1_274' title='bbox 1629 3243 1717 3340; x_wconf 89' lang='lat' dir='ltr'><strong>quia</strong></span> <span class='ocrx_word' id='word_1_275' title='bbox 1746 3239 1838 3313; x_wconf 83' lang='lat' dir='ltr'><strong>illo·</strong></span> <span class='ocrx_word' id='word_1_276' title='bbox 1902 3326 1906 3332; x_wconf 12' lang='grc' dir='ltr'><em>ῃ</em></span> 
     </span>
     <span class='ocr_line' id='line_1_28' title="bbox 262 3339 1837 3445; baseline -0.002 -30"><span class='ocrx_word' id='word_1_277' title='bbox 262 3372 345 3416; x_wconf 90' lang='lat' dir='ltr'><strong>rum</strong></span> <span class='ocrx_word' id='word_1_278' title='bbox 372 3343 484 3416; x_wconf 90' lang='lat' dir='ltr'><strong>habet</strong></span> <span class='ocrx_word' id='word_1_279' title='bbox 509 3347 610 3445; x_wconf 91' lang='lat' dir='ltr'><strong>apud</strong></span> <span class='ocrx_word' id='word_1_280' title='bbox 635 3345 880 3420; x_wconf 66' lang='lat' dir='ltr'><strong>coactitiam.</strong></span> <span class='ocrx_word' id='word_1_281' title='bbox 943 3346 1026 3414; x_wconf 86' lang='lat' dir='ltr'><strong>Hoc</strong></span> <span class='ocrx_word' id='word_1_282' title='bbox 1049 3368 1200 3440; x_wconf 90' lang='lat' dir='ltr'><strong>quoque</strong></span> <span class='ocrx_word' id='word_1_283' title='bbox 1235 3343 1352 3416; x_wconf 82' lang='lat' dir='ltr'><strong>modo</strong></span> <span class='ocrx_word' id='word_1_284' title='bbox 1384 3341 1607 3416; x_wconf 86' lang='lat' dir='ltr'><strong>sumendum</strong></span> <span class='ocrx_word' id='word_1_285' title='bbox 1638 3353 1693 3412; x_wconf 87' lang='lat' dir='ltr'><strong>est</strong></span> <span class='ocrx_word' id='word_1_286' title='bbox 1726 3339 1837 3412; x_wconf 89' lang='lat' dir='ltr'><strong>etiam</strong></span> 
     </span>
     <span class='ocr_line' id='line_1_29' title="bbox 261 3437 1837 3541; baseline -0.001 -28"><span class='ocrx_word' id='word_1_287' title='bbox 261 3441 370 3516; x_wconf 86' lang='lat' dir='ltr'><strong>illud:</strong></span> <span class='ocrx_word' id='word_1_288' title='bbox 408 3451 500 3518; x_wconf 89' lang='lat' dir='ltr'><strong>“vos</strong></span> <span class='ocrx_word' id='word_1_289' title='bbox 534 3445 620 3518; x_wconf 90' lang='lat' dir='ltr'><strong>estis</strong></span> <span class='ocrx_word' id='word_1_290' title='bbox 647 3444 883 3541; x_wconf 85' lang='lat' dir='ltr'><strong>justificantes</strong></span> <span class='ocrx_word' id='word_1_291' title='bbox 916 3469 983 3517; x_wconf 93' lang='lat' dir='ltr'><strong>vos</strong></span> <span class='ocrx_word' id='word_1_292' title='bbox 1018 3441 1121 3540; x_wconf 87' lang='lat' dir='ltr'><strong>ipsos</strong></span> <span class='ocrx_word' id='word_1_293' title='bbox 1152 3467 1278 3513; x_wconf 89' lang='lat' dir='ltr'><strong>coram</strong></span> <span class='ocrx_word' id='word_1_294' title='bbox 1309 3437 1548 3528; x_wconf 89' lang='lat' dir='ltr'><strong>hominibus,</strong></span> <span class='ocrx_word' id='word_1_295' title='bbox 1581 3439 1683 3509; x_wconf 89' lang='lat' dir='ltr'><strong>Deus</strong></span> <span class='ocrx_word' id='word_1_296' title='bbox 1713 3453 1837 3512; x_wconf 89' lang='lat' dir='ltr'><strong>autem</strong></span> 
     </span>
     <span class='ocr_line' id='line_1_30' title="bbox 240 3535 1837 3640; baseline -0.004 -27"><span class='ocrx_word' id='word_1_297' title='bbox 240 3539 242 3542; x_wconf 62' lang='grc'><strong>’</strong></span> <span class='ocrx_word' id='word_1_298' title='bbox 261 3544 454 3640; x_wconf 86' lang='lat' dir='ltr'><strong>cognoscit</strong></span> <span class='ocrx_word' id='word_1_299' title='bbox 479 3542 594 3615; x_wconf 87' lang='lat' dir='ltr'><strong>corda</strong></span> <span class='ocrx_word' id='word_1_300' title='bbox 615 3553 768 3620; x_wconf 82' lang='lat' dir='ltr'><strong>vestra.&#39;&#39;</strong></span> <span class='ocrx_word' id='word_1_301' title='bbox 825 3539 963 3614; x_wconf 87' lang='lat' dir='ltr'><strong>Similis</strong></span> <span class='ocrx_word' id='word_1_302' title='bbox 984 3541 1095 3612; x_wconf 84' lang='lat' dir='ltr'><strong>etiam</strong></span> <span class='ocrx_word' id='word_1_303' title='bbox 1117 3540 1278 3612; x_wconf 82' lang='lat' dir='ltr'><strong>veritatis</strong></span> <span class='ocrx_word' id='word_1_304' title='bbox 1300 3551 1356 3613; x_wconf 89' lang='lat' dir='ltr'><strong>est</strong></span> <span class='ocrx_word' id='word_1_305' title='bbox 1378 3551 1414 3609; x_wconf 90' lang='lat' dir='ltr'><strong>et</strong></span> <span class='ocrx_word' id='word_1_306' title='bbox 1439 3535 1549 3608; x_wconf 92' lang='lat' dir='ltr'><strong>illud:</strong></span> <span class='ocrx_word' id='word_1_307' title='bbox 1589 3536 1733 3608; x_wconf 86' lang='lat' dir='ltr'><strong>“sciens</strong></span> <span class='ocrx_word' id='word_1_308' title='bbox 1765 3561 1837 3607; x_wconf 92' lang='lat' dir='ltr'><strong>au-</strong></span> 
     </span>
     <span class='ocr_line' id='line_1_31' title="bbox 260 3633 1932 3734; baseline -0.004 -24"><span class='ocrx_word' id='word_1_309' title='bbox 260 3654 333 3712; x_wconf 86' lang='lat' dir='ltr'><strong>tem</strong></span> <span class='ocrx_word' id='word_1_310' title='bbox 362 3643 464 3716; x_wconf 85' lang='lat' dir='ltr'><strong>lesus</strong></span> <span class='ocrx_word' id='word_1_311' title='bbox 489 3639 668 3716; x_wconf 90' lang='lat' dir='ltr'><strong>malitiam</strong></span> <span class='ocrx_word' id='word_1_312' title='bbox 694 3649 869 3731; x_wconf 86' lang='lat' dir='ltr'><strong>eorum&#39;’,</strong></span> <span class='ocrx_word' id='word_1_313' title='bbox 904 3653 940 3710; x_wconf 90' lang='lat' dir='ltr'><strong>et</strong></span> <span class='ocrx_word' id='word_1_314' title='bbox 964 3637 1076 3710; x_wconf 87' lang='lat' dir='ltr'><strong>illud:</strong></span> <span class='ocrx_word' id='word_1_315' title='bbox 1103 3639 1260 3711; x_wconf 71' lang='lat' dir='ltr'><strong>&#39;“seiens</strong></span> <span class='ocrx_word' id='word_1_316' title='bbox 1285 3635 1532 3734; x_wconf 73' lang='lat' dir='ltr'><strong>cogitationes</strong></span> <span class='ocrx_word' id='word_1_317' title='bbox 1549 3645 1716 3718; x_wconf 63' lang='lat' dir='ltr'><strong>eorumss&#39;,</strong></span> <span class='ocrx_word' id='word_1_318' title='bbox 1767 3633 1835 3705; x_wconf 86' lang='lat' dir='ltr'><strong>His</strong></span> <span class='ocrx_word' id='word_1_319' title='bbox 1930 3689 1932 3696; x_wconf 94' lang='lat'><em>.</em></span> 
     </span>
     <span class='ocr_line' id='line_1_32' title="bbox 258 3739 528 3832; baseline 0.022 -25"><span class='ocrx_word' id='word_1_320' title='bbox 258 3739 309 3810; x_wconf 88' lang='lat' dir='ltr'><strong>ita</strong></span> <span class='ocrx_word' id='word_1_321' title='bbox 334 3739 528 3832; x_wconf 80' lang='lat' dir='ltr'><strong>distinctis,</strong></span> 
     </span>
    </p>
   </div>
   <div class='ocr_carea' id='block_1_7' title="bbox 260 3853 1834 4074">
    <p class='ocr_par' dir='ltr' id='par_1_9' title="bbox 260 3853 1834 4074">
     <span class='ocr_line' id='line_1_33' title="bbox 260 3853 1834 3964; baseline -0.011 -14"><span class='ocrx_word' id='word_1_322' title='bbox 260 3868 307 3950; x_wconf 86' lang='lat'><strong>‘0</strong></span> <span class='ocrx_word' id='word_1_323' title='bbox 340 3867 470 3961; x_wconf 73' lang='grc' dir='ltr'><strong><em>λέγων</em></strong></span> <span class='ocrx_word' id='word_1_324' title='bbox 503 3853 566 3946; x_wconf 75' lang='grc' dir='ltr'><strong>οὖν</strong></span> <span class='ocrx_word' id='word_1_325' title='bbox 592 3865 797 3964; x_wconf 73' lang='grc' dir='ltr'><strong><em>ἐγνωκέναι</em></strong></span> <span class='ocrx_word' id='word_1_326' title='bbox 826 3859 899 3946; x_wconf 74' lang='grc' dir='ltr'><strong>τᾶν</strong></span> <span class='ocrx_word' id='word_1_327' title='bbox 915 3863 1028 3951; x_wconf 64' lang='grc' dir='ltr'><strong><em>θεᾶν.</em></strong></span> <span class='ocrx_word' id='word_1_328' title='bbox 1064 3862 1128 3960; x_wconf 90' lang='lat' dir='ltr'><strong>qui</strong></span> <span class='ocrx_word' id='word_1_329' title='bbox 1150 3863 1240 3936; x_wconf 91' lang='lat' dir='ltr'><strong>dicit</strong></span> <span class='ocrx_word' id='word_1_330' title='bbox 1256 3887 1294 3936; x_wconf 87' lang='lat' dir='ltr'><strong>se</strong></span> <span class='ocrx_word' id='word_1_331' title='bbox 1317 3862 1409 3937; x_wconf 88' lang='lat' dir='ltr'><strong>scire</strong></span> <span class='ocrx_word' id='word_1_332' title='bbox 1425 3864 1550 3936; x_wconf 87' lang='lat' dir='ltr'><strong>Deum</strong></span> <span class='ocrx_word' id='word_1_333' title='bbox 1566 3872 1605 3932; x_wconf 87' lang='lat' dir='ltr'><strong>et</strong></span> <span class='ocrx_word' id='word_1_334' title='bbox 1619 3857 1834 3957; x_wconf 88' lang='lat' dir='ltr'><strong>copulatum</strong></span> 
     </span>
     <span class='ocr_line' id='line_1_34' title="bbox 261 3955 1834 4074; baseline -0.011 -26"><span class='ocrx_word' id='word_1_335' title='bbox 261 3975 302 4048; x_wconf 79' lang='grc' dir='ltr'><strong>ἐν</strong></span> <span class='ocrx_word' id='word_1_336' title='bbox 320 3973 377 4072; x_wconf 77' lang='grc' dir='ltr'><strong>τῷ</strong></span> <span class='ocrx_word' id='word_1_337' title='bbox 396 3964 691 4074; x_wconf 70' lang='grc' dir='ltr'><strong>ἀνακεκρᾶσθαι</strong></span> <span class='ocrx_word' id='word_1_338' title='bbox 712 3963 817 4072; x_wconf 73' lang='grc' dir='ltr'><strong>αὐτῷ</strong></span> <span class='ocrx_word' id='word_1_339' title='bbox 842 3963 910 4047; x_wconf 73' lang='grc' dir='ltr'><strong>καὶ</strong></span> <span class='ocrx_word' id='word_1_340' title='bbox 931 3995 1023 4063; x_wconf 81' lang='grc' dir='ltr'><strong><em>μετ.</em></strong></span> <span class='ocrx_word' id='word_1_341' title='bbox 1065 3961 1117 4055; x_wconf 87' lang='lat' dir='ltr'><strong>ei,</strong></span> <span class='ocrx_word' id='word_1_342' title='bbox 1145 3977 1180 4036; x_wconf 88' lang='lat' dir='ltr'><strong>ct</strong></span> <span class='ocrx_word' id='word_1_343' title='bbox 1207 3961 1343 4036; x_wconf 89' lang='lat' dir='ltr'><strong>habere</strong></span> <span class='ocrx_word' id='word_1_344' title='bbox 1371 3959 1607 4062; x_wconf 86' lang='lat' dir='ltr'><strong>participium</strong></span> <span class='ocrx_word' id='word_1_345' title='bbox 1629 3955 1728 4053; x_wconf 85' lang='lat' dir='ltr'><strong>ejus,</strong></span> <span class='ocrx_word' id='word_1_346' title='bbox 1762 3983 1834 4042; x_wconf 57' lang='lat' dir='ltr'><strong>ne-,</strong></span> 
     </span>
    </p>
   </div>
   <div class='ocr_carea' id='block_1_8' title="bbox 261 4175 700 4198">
    <p class='ocr_par' dir='ltr' id='par_1_10' title="bbox 261 4175 700 4198">
     <span class='ocr_line' id='line_1_35' title="bbox 261 4175 700 4198; baseline -0.002 -3"><span class='ocrx_word' id='word_1_347' title='bbox 261 4175 700 4198; x_wconf 54' lang='lat' dir='ltr'><em>m</em></span> 
     </span>
    </p>
   </div>
   <div class='ocr_carea' id='block_1_9' title="bbox 305 4303 1832 4458">
    <p class='ocr_par' dir='ltr' id='par_1_11' title="bbox 305 4303 1832 4458">
     <span class='ocr_line' id='line_1_36' title="bbox 305 4303 1832 4456; baseline -0.009 -79"><span class='ocrx_word' id='word_1_348' title='bbox 305 4317 352 4396; x_wconf 58' lang='lat'><strong>‚*)</strong></span> <span class='ocrx_word' id='word_1_349' title='bbox 374 4313 464 4376; x_wconf 83' lang='lat' dir='ltr'><strong>Hace</strong></span> <span class='ocrx_word' id='word_1_350' title='bbox 494 4331 510 4371; x_wconf 86' lang='lat' dir='ltr'><strong>a</strong></span> <span class='ocrx_word' id='word_1_351' title='bbox 540 4309 739 4456; x_wconf 50' lang='lat' dir='ltr'><strong>nglriiothpris</strong></span> <span class='ocrx_word' id='word_1_352' title='bbox 767 4308 951 4374; x_wconf 87' lang='lat' dir='ltr'><strong>Coloniensi</strong></span> <span class='ocrx_word' id='word_1_353' title='bbox 980 4322 1009 4370; x_wconf 90' lang='lat' dir='ltr'><strong>et</strong></span> <span class='ocrx_word' id='word_1_354' title='bbox 1029 4306 1241 4392; x_wconf 79' lang='lat' dir='ltr'><strong>Lugduueusi</strong></span> <span class='ocrx_word' id='word_1_355' title='bbox 1265 4323 1435 4390; x_wconf 84' lang='lat' dir='ltr'><strong>perperam</strong></span> <span class='ocrx_word' id='word_1_356' title='bbox 1458 4303 1571 4366; x_wconf 86' lang='lat' dir='ltr'><strong>omissa</strong></span> <span class='ocrx_word' id='word_1_357' title='bbox 1602 4324 1643 4368; x_wconf 88' lang='lat' dir='ltr'><strong>ex</strong></span> <span class='ocrx_word' id='word_1_358' title='bbox 1664 4303 1832 4369; x_wconf 79' lang='lat' dir='ltr'><strong>Par-islensi</strong></span> 
     </span>
     <span class='ocr_line' id='line_1_37' title="bbox 369 4393 749 4458; baseline -0.013 0"><span class='ocrx_word' id='word_1_359' title='bbox 369 4393 534 4458; x_wconf 82' lang='lat' dir='ltr'><strong>revocavit</strong></span> <span class='ocrx_word' id='word_1_360' title='bbox 588 4415 669 4456; x_wconf 82' lang='lat' dir='ltr'><strong>san</strong></span> <span class='ocrx_word' id='word_1_361' title='bbox 693 4394 749 4454; x_wconf 84' lang='lat' dir='ltr'><strong>ius.</strong></span> 
     </span>
    </p>
   </div>
   <div class='ocr_carea' id='block_1_10' title="bbox 300 4501 751 4590">
    <p class='ocr_par' dir='ltr' id='par_1_12' title="bbox 300 4501 751 4590">
     <span class='ocr_line' id='line_1_38' title="bbox 300 4501 751 4590; baseline -0.051 -12"><span class='ocrx_word' id='word_1_362' title='bbox 300 4511 345 4590; x_wconf 82' lang='lat'><strong>**)</strong></span> <span class='ocrx_word' id='word_1_363' title='bbox 368 4509 458 4572; x_wconf 87' lang='lat' dir='ltr'><strong>Haec</strong></span> <span class='ocrx_word' id='word_1_364' title='bbox 478 4501 608 4568; x_wconf 84' lang='lat' dir='ltr'><strong>delenda</strong></span> <span class='ocrx_word' id='word_1_365' title='bbox 629 4519 751 4566; x_wconf 85' lang='lat' dir='ltr'><strong>censeo.</strong></span> 
     </span>
    </p>
   </div>
   <div class='ocr_carea' id='block_1_11' title="bbox 1413 4624 1434 4689">
    <p class='ocr_par' dir='ltr' id='par_1_13' title="bbox 1413 4624 1434 4689">
     <span class='ocr_line' id='line_1_39' title="bbox 1413 4624 1434 4689; baseline 0 0"><span class='ocrx_word' id='word_1_366' title='bbox 1413 4624 1434 4689; x_wconf 72' lang='lat'>2</span> 
     </span>
    </p>
   </div>
   <div class='ocr_carea' id='block_1_12' title="bbox 0 0 2308 5460">
    <p class='ocr_par' dir='ltr' id='par_1_14' title="bbox 0 0 2308 5460">
     <span class='ocr_line' id='line_1_40' title="bbox 0 0 2308 5460; baseline 0 0"><span class='ocrx_word' id='word_1_367' title='bbox 0 0 2308 5460; x_wconf 95' lang='lat' dir='ltr'><strong> </strong></span> 
     </span>
    </p>
   </div>
  </div>
 </body>
</html>
