4608 5460
1075 417 1162 440 w
1212 377 1288 476 κ
1333 419 1418 440 w

1278 455 1288 474 ἱ

462 602 584 677 eatur3
610 607 688 658 non
714 583 812 656 enim
835 579 972 675 justitia
997 574 1261 676 participatur,
1287 573 1354 654 sed
1378 574 1461 672 ipse
1482 571 1556 646 bne
1583 579 1656 666 es't3
1685 577 1738 650 ita
1764 583 1850 650 cnm
1880 573 2038 678 dbligm's

463 688 618 775 dicitur,
655 708 737 756 non
760 683 849 778 qnia
866 678 1023 752 dilectio
1049 674 1115 764 sit,
1150 675 1205 744 :ita
1231 687 1397 754 vocatur.
1448 674 1686 769 Quapropter
1696 727 1711 762 ‚.
1736 701 1840 775 quae.
1866 677 1939 750 tea-‚-
1951 675 2039 750 sent

495 785 590 858 osita
615 782 660 855 de
694 783 776 854 De'o
801 778 842 850 in
863 775 1074 873 scripturis,
1109 771 1753 861 univoce,--rtan'transuominatire
1775 774 1985 866 dicuntur,¹
2005 789 2042 847 et

466 814 563 956 lltud‘
583 881 786 954 univocum
810 873 939 948 in·tali
972 869 1468 970 appellationersumendum
1494 879 1583 962 est,
1604 874 1766 964 querum
1791 874 2039 972 eranquidam

362 1067 372 1086 ⁶
419 1031 423 1038 -
468 983 585 1073 ratio,
618 977 683 1052 sed
705 975 862 1048 nomina
885 972 994 1071 plura
1019 985 1115 1046 sunt.
1180 1025 1184 1032 .

580 1129 702 1210 V·12›
754 1125 910 1200 “Deum
935 1148 1047 1196 nemo
1073 1119 1166 1194 vidit
1192 1122 1392 1219 unquam?
1456 1155 1460 1162 .

584 1256 680 1328 Cum
712 1248 907 1325 invisibilis
931 1248 1143 1336 sitheus,
1191 1231 1316 1338 nullus
1351 1273 1441 1345 eum¹
1468 1243 1824 1344 sensibiliterridit
1865 1265 2046 1347 unquam,

473 1354 624 1528 qnando
650 1377 728 1424 non
749 1361 876 1446 potest
895 1345 1019 1420 videre
1041 1356 1210 1440 aspectus
1231 1347 1439 1442 corporalis
1460 1346 1721 1443 incorporalia.
1772 1346 2045 1444 sedquoniam

501 1485 512 1526 l

515 1453 704 1528 visitarem
736 1457 909 1544 separant
935 1443 1087 1542 quidam
1113 1441 1286 1514 haeretici
1313 1443 1495 1533 dicentes,
1527 1457 1666 1517 veteres
1694 1445 1896 1542 scripturae
1922 1447 2046 1516 Deum

473 1549 655 1628 visibilem
680 1571 757 1620 esse
778 1544 994 1630 ostendunt,
1022 1567 1086 1629 eo,
1110 1541 1213 1636 quud
1237 1539 1391 1636 quidam
1417 1565 1502 1612 cum
1526 1540 1661 1614 vidisse
1683 1543 1900 1633 reserantur,
1926 1566 2046 1614 novae

430 1737 431 1740 Ἴ
473 1664 596 1725 autem
618 1641 861 1732 invisibilem,
884 1651 1039 1736 propter
1063 1649 1294 1736 praesentem
1316 1663 1545 1728 sermonem,
1565 1652 1601 1709 et
1623 1637 1716 1712 illud
1766 1641 1843 1716 uod
1863 1642 1904 1714 in
1929 1665 2047 1714 eran-

473 1747 570 1848 gello
598 1743 774 1841 scriptum
801 1750 873 1812 est:
901 1739 1055 1810 “Deum
1081 1761 1192 1810 nemo
1219 1735 1311 1810 vidit
1335 1762 1501 1836 unquam
1512 1746 1544 1826 ,”
1569 1665 1783 1834 requirendi
1808 1754 1905 1827 suut,
1931 1763 2045 1836 quam

474 1847 599 1919 dicant
623 1866 700 1922 esse
720 1833 964 1911 substantiam
985 1832 1082 1928 ejus,
1109 1861 1183 1932 qua
1209 1847 1340 1932 putant
1357 1835 1478 1910 Deum
1505 1858 1582 1906 esse
1603 1831 1795 1910 visibilem.
1845 1839 1895 1910 Et
1915 1837 1945 1910 si
1964 1862 2045 1912 non

476 1953 707 2043 pervertatur
732 1961 755 2006 a
783 1960 821 2006 se
847 1958 951 2004 mens
976 1958 1126 2023 eorum,
1161 1957 1298 2030 corpus
1326 1957 1411 2007 eum
1441 1933 1584 2022 dicent,
1613 1957 1701 2008 cum
1729 1931 1832 2008 nulla
1857 1931 1929 2004 alia
1951 1932 2048 2013 sup„

476 2041 610 2116 stantia
641 2031 860 2110 sensibiliter
893 2030 1080 2121 videatur,
1124 2029 1197 2101 nisi
1230 2029 1408 2126 corporis.
1468 2031 1643 2128 Dumque
1679 2028 1751 2104 ho'c
1787 2031 2046 2120 concesserint,

414 2171 417 2174 .
479 2136 738 2223 considerent,
797 2155 892 2228 quae
943 2128 1149 2222 incongrua
1198 2139 1234 2198 et
1276 2125 1461 2226 impietate
1513 2125 1726 2242 plenissima
1767 2127 2050 2244 subsequantur,

478 2235 645 2312 Omnino
674 2231 836 2328 namque
870 2239 906 2297 et
941 2221 1221 2324 incorruptibile
1254 2224 1323 2298 erit
1357 2237 1392 2296 et
1424 2222 1607 2301 divisibile
1640 2238 1675 2300 et
1710 2237 1773 2298 aut
1805 2227 2049 2300 inammatum

477 2348 540 2411 aut
571 2332 785 2406 animatum.
845 2327 1010 2422 Repente
1031 2333 1153 2394 autem
1174 2335 1211 2392 et
1230 2322 1500 2416 inconsequens
1523 2321 1608 2410 erit,
1638 2337 1680 2391 ut
1704 2323 1948 2398 inanimatum
1969 2349 2049 2398 non

478 2430 677 2528 intelligat,
711 2451 776 2518 eo,
809 2423 915 2521 quod
940 2446 1059 2534 neque
1083 2419 1225 2490 sentiat.
1282 2417 1498 2490 Animatum
1525 2441 1614 2489 vero
1640 2430 1681 2492 ut
1706 2419 1770 2508 sit,
1799 2424 2049 2519 compositum

478 2545 515 2606 et
536 2554 616 2601 non
641 2528 719 2598 sine
744 2520 929 2618 principio
953 2531 1030 2588 ent.
1080 2517 1170 2587 Non
1195 2513 1293 2590 enim
1311 2525 1367 2586 est
1387 2513 1465 2586 sine
1485 2513 1668 2614 principio
1690 2513 1793 2612 quod
1813 2521 2051 2616 componitur

478 2630 525 2702 de
555 2617 796 2722 simplicibus.
857 2614 1076 2713 Composita
1108 2626 1195 2683 sunt
1227 2625 1372 2704 autem,
1408 2625 1445 2684 et
1474 2612 1513 2688 in
1546 2611 1729 2710 principio
1762 2613 1841 2710 ejus
1867 2618 1989 2690 anima
2015 2633 2050 2692 et

479 2750 627 2824 corpus.
684 2719 741 2793 Ex
768 2714 828 2788 bis
852 2716 951 2786 enim
976 2711 1181 2786 animatum
1207 2721 1359 2792 constat.
1418 2709 1468 2784 Et
1496 2734 1581 2779 cum
1608 2733 1686 2784 non
1711 2707 1910 2786 habuerint
1935 2711 2051 2814 aliqui

480 2822 725 2908 solutionem,
750 2814 861 2890 tantis
880 2809 1017 2883 scilicet
1035 2803 1599 2910 incongruis·subsequentibus,
1619 2833 1747 2884 rursus
1768 2808 2049 2910 interrogemus,

481 2923 581 2999 unde
613 2917 815 3000 affirment,
856 2908 976 2984 visum
1006 2903 1057 2984 ab
1093 2903 1291 3006 aliquibus.
1314 2919 1528 2980 creatorem.
1590 2907 1672 2981 Etsi
1694 2907 1856 3008 ,quidem
1892 2911 1933 2980 Μ
1935 2935 1958 2981 0
1985 2907 2052 2984 sen

483 3016 723 3122 protulerint,
759 3010 896 3100 sciant,
931 3005 1020 3106 quia
1051 3017 1307 3103 praeterquam
1335 3003 1439 3110 quod
1472 3003 1537 3077 diu
1562 3004 1726 3102 rogavit,
1764 2936 2052 3104 intelligibiliter,

483 3144 562 3193 non
591 3109 812 3194 sensibiliter
841 3107 874 3186 ei
896 3108 997 3194 Deus
1027 3103 1208 3202 apparuit.
1266 3102 1475 3176 Dicendum
1506 3127 1669 3206 namque
1696 3117 1748 3176 est
1755 3155 1767 3196 ‚
1803 3105 1891 3204 quia
1919 3104 2052 3180 faciem

483 3242 562 3295 non
588 3213 697 3302 vidit,
731 3207 797 3281 secl
828 3217 1017 3302 postrema
1044 3203 1125 3274 Dei.
1177 3203 1279 3278 Haec
1303 3213 1427 3274 autem
1452 3215 1539 3274 sunt
1570 3214 1774 3294 creaturae,
1804 3228 1962 3300 quarum
1979 3230 2053 3306 ge.

484 3313 696 3388 nerationes
725 3301 951 3400 conseripsit
1008 3303 1110 3374 Haec
1137 3323 1299 3397 namque
1324 3313 1510 3396 postrema
1537 3313 1574 3371 et
1601 3312 1687 3396 post
1710 3301 1830 3374 Deum
1857 3315 1951 3374 sunt.
1983 3367 1987 3378 ,
2013 3303 2054 3376 Si

486 3438 575 3507 ergo
600 3408 692 3488 haec
715 3405 806 3478 vidit
814 3439 836 3493 ,=
848 3416 891 3473 ut
908 3425 953 3472 ex
970 3397 1225 3494 magnitudine
1242 3409 1279 3467 et
1303 3393 1576 3494 pulchritudine
1596 3423 1745 3488 eorum,
1778 3401 2055 3500 propinquitate

486 3531 637 3596 eorum,
670 3513 874 3574 creatorem
899 3494 1232 3593 contemplaretur,
1266 3519 1344 3567 non
1377 3521 1444 3594 per
1472 3507 1680 3592 aspectum,
1713 3495 1778 3580 sed
1802 3513 1925 3568 mente
1956 3523 2053 3568 con-

488 3605 607 3706 spexit
639 3625 736 3674 eum.
786 3595 828 3670 Si
855 3619 944 3668 vero
969 3595 1102 3666 Isaiam
1128 3593 1167 3664 iu
1192 3591 1357 3664 medium
1386 3597 1484 3665 forte
1507 3593 1744 3684 deduxerint,
1782 3595 1941 3666 dicentes
1967 3619 2052 3670 eum

489 3705 622 3779 vidisse
643 3703 786 3786 Deum,
817 3707 852 3765 et
873 3691 934 3764 ille
955 3690 1167 3765 obvelatum
1187 3689 1280 3765 vidit
1299 3693 1440 3781 Deum,
1473 3692 1585 3764 saeris
1606 3689 1825 3763 animalibus
1847 3689 2053 3768 velantibus

490 3803 557 3877 alis
582 3801 658 3874 suis
682 3821 763 3872 non
786 3791 907 3867 solum
932 3791 1083 3879 faciem,
1112 3789 1178 3864 sed
1202 3789 1312 3862 etiam
1335 3789 1449 3888 pedes
1476 3788 1635 3862 sedenti„
1657 3790 1697 3860 in
1717 3785 1856 3860 throno
1881 3789 1938 3886 a),
1979 3791 2054 3864 sed

490 3929 575 3975 cum
599 3897 715 3970 Isaiae
741 3893 856 3982 dicta,
887 3889 1006 3962 multa
1026 3887 1253 3986 expositione
1276 3901 1423 3984 egeant,
1450 3885 1526 3957 boe
1551 3887 1590 3958 in
1615 3885 1759 3983 tempus
1777 3885 1877 3958 aliud
1900 3886 2056 3960 differa-

488 4013 572 4074 mus
589 3999 657 4094 **).
716 3991 812 4083 Sed,
852 3989 1044 4088 inquiunt,
1074 3987 1257 4085 seriptum
1290 3999 1363 4079 est,
1398 3985 1614 4084 apparuisse
1643 3986 1766 4062 Deum
1799 3979 1992 4060 Abraham
2018 4001 2054 4058 et

490 4123 926 4148 W

550 4186 581 4263 ἢ
602 4179 665 4242 His
696 4175 808 4240 similia
837 4175 941 4256 aliqua
971 4191 1014 4234 ex
1042 4179 1137 4265 parte
1163 4167 1198 4232 in
1226 4166 1346 4236 schotto
1369 4165 1494 4262 Graqeu
1523 4185 1558 4253 p.
1571 4171 1643 4238 226.
1664 4176 1737 4248 227.
1762 4135 2056 4256 deprehenduntur.

602 4262 714 4353 Quum
742 4279 821 4319 vero
853 4254 960 4318 verbis
999 4261 1294 4346 sentcnnepumqu'e
1323 4249 1523 4345 expositione
1557 4251 1652 4346 nimis
1686 4251 1772 4316 inter
1803 4276 1838 4316 se
1864 4254 2072 4344 discrepent,-

604 4343 692 4406 nolur
712 4339 836 4436 Graeca
856 4355 1033 4423 apponere,
1061 4355 1102 4396 ne
1121 4334 1224 4396 altena
1245 4331 1373 4396 viderer
1395 4332 1542 4416 Didymo
1563 4333 1736 4396 vendicare.
1863 4339 1869 4346 '

536 4457 588 4546 *Q
607 4449 742 4535 Scripsit
768 4467 845 4532 ergo
869 4454 948 4530 poet
971 4443 1056 4504 benc
1083 4443 1319 4507 enarrationem
1338 4457 1443 4506 tomos
1465 4443 1533 4506 illos
1554 4425 1588 4502 ib
1608 4429 1890 4532 Esai'thVssJ,
1918 4458 2056 4530 quorum

606 4533 804 4598 mentionem
828 4529 903 4593 feeit
924 4527 1149 4609 theronymue
1163 4526 1204 4594 ⁴in
1225 4526 1374 4613 Catelogo
1395 4525 1518 4612 script·
1530 4523 1618 4590 Eccl.
1646 4526 1656 4588 ‘.
