4608 5460
1078 341 1422 456 *ssa-.-

405 609 409 613 -
467 551 575 652 quale
614 565 669 642 cst
694 552 843 651 spiritns
875 541 1043 641 Heliae,⁴⁴
1065 559 1102 620 ct
1131 547 1296 645 spiritus·
1313 545 1617 647 uniuscujusque
1638 555 1870 645 sauctorum
1912 555 1964 624 ita
1985 569 2036 626 -ut

466 655 559 724 tanti
581 651 729 748 spiritus
754 675 831 722 esse
854 647 1070 739 videantur,
1112 647 1372 744 quanticum,
1411 649 1476 743 qui
1498 673 1543 718 eo
1569 649 1851 761 participantum
1905 652 2035 724 Possis

466 749 543 822 bile
577 762 631 820 est
657 749 775 838 enim,
814 761 849 818 et
869 743 1161 841 uniuscujusque
1187 744 1282 816 sacri
1306 745 1469 827 doctoris
1494 744 1726 843 disciplinam
1758 747 1930 848 spiritum
1956 747 2035 844 ejus

466 849 552 919 dici.
603 846 664 918 Sic
686 846 784 918 enim
809 842 1023 940 intelligitur
1045 842 1149 942 quod
1175 841 1314 913 dictum
1341 856 1413 934 est,
1437 857 1582 915 utnon
1608 838 1712 917 omni
1733 846 1878 942 spiritui
1902 845 2037 922 creda÷

469 961 548 1017 tur:
575 956 756 1040 quatenus
778 968 842 1034 ea,
865 967 959 1040 quae
985 937 1396 1038 pseudoprophetarum
1422 955 1526 1032 sunt,
1552 941 1799 1033 adversemur,
1825 945 2038 1027 consentia-

468 1069 551 1114 mus
574 1041 645 1130 eis,
668 1065 764 1138 quos
786 1067 853 1139 per
877 1037 1140 1136 probationem
1164 1063 1208 1126 ex
1240 1039 1321 1107 Deo
1356 1061 1438 1110 essew
1458 1037 1713 1137 cognorimus.
1773 1041 1861 1114 Non
1888 1055 1943 1114 est
1964 1042 2037 1114 ita-

468 1166 541 1238 que
575 1136 809 1228 mirandum,
855 1138 887 1210 si
919 1135 1001 1224 salsi
1033 1133 1194 1232 apostoli
1229 1131 1288 1226 hi,
1322 1137 1392 1232 ¹qui
1416 1139 1813 1226 .trausformantm·.in
1847 1139 2038 1234 ministros

469 1236 631 1326 Christi,
666 1233 750 1308 falsi
770 1228 974 1334 prophetae
994 1246 1086 1306 ,sunt
1107 1233 1214 1324 dicti,
1245 1233 1395 1329 quando
1420 1235 1530 1309 etiam
1552 1235 1624 1334 ipsi
1646 1234 1806 1334 apostoli
1826 1238 2038 1334 frequenter

466 1340 509 1414 in
543 1348 761 1427 testamento
793 1359 895 1424 novo
926 1329 1418 1430 prophetae-nominantur:
1456 1334 1551 1432 sicut
1573 1335 1614 1408 in
1638 1333 1794 1432 epistola
1825 1333 1873 1410 at
1899 1333 2038 1408 Corin÷

468 1433 568 1510 thies
590 1431 795 1526 invenitur,
818 1432 859 1504 in
883 1456 958 1528 qua
977 1429 1148 1527 legimus:
1184 1437 1246 1499 “et
1266 1428 1417 1527 spiritus
1437 1457 1507 1530 pro
1535 1427 1706 1505 hetaeum
1730 1421 1921 1530 prophetis
1939 1429 2039 1504 sub-

470 1520 568 1606 ditus
589 1541 684 1621 est.,”
710 1557 795 1604 cum
827 1529 873 1622 de
898 1527 1076 1628 apostolis
1101 1527 1257 1621 diceret5
1281 1527 1379 1602 etin
1404 1459 1619 1630 apomiypsi
1642 1529 1853 1630 frequenter
1876 1532 2048 1632 Ioannes·

471 1625 655 1729 propheta
677 1629 900 1724 nominatur.
958 1692 961 1700 .
1052 1683 1055 1690 .
1552 1653 1554 1656 ·

580 1779 626 1850 V.
654 1792 687 1858 9.
711 1790 746 1860 3.
796 1777 1177 1876 “Hinc'cognoscitur
1203 1775 1352 1876 spiritus
1379 1778 1468 1848 Dei:
1508 1777 1630 1850 omnis
1646 1777 1803 1874 spiritus
1826 1777 1891 1874 qui
1913 1777 2036 1849 confi-

469 1887 569 1976 tetur
590 1877 714 1946 Iesum
741 1871 915 1946 Chrisum
939 1876 980 1946 in
1004 1899 1113 1946 carne
1136 1875 1297 1964 venisse,
1322 1881 1366 1946 'ex
1388 1875 1469 1948 Deo
1495 1889 1570 1966 est,
1594 1888 1629 1946 et
1654 1876 1777 1948 omnis
1794 1874 1951 1972 spiritus
1972 1874 2037 1970 qui

468 1987 579 2068 negat
609 1975 751 2059 Iesum,
782 1997 825 2042 ex
855 1975 938 2044 Deo
964 1995 1044 2043 non
1079 1985 1151 2062 est,
1175 1985 1226 2042 ‘et
1259 1971 1320 2044 hic
1351 1984 1404 2044 est
1438 1972 1708 2067 antichristus,v
1728 1989 1857 2070 quem*
1872 1970 2037 2062 audistis,

471 2073 568 2168 quia·
585 2075 764 2178 tenturus
789 2083 850 2141 est.
889 2071 950 2142 'Et
975 2070 1141 2143 nuncin
1167 2069 1319 2178 saeculo
1338 2081 1427 2141 est.”
1538 2113 1541 2120 ·
1694 2089 1699 2097 ·
1857 2115 1861 2123 ·
2028 2087 2037 2121 ¹

588 2195 683 2268 Cum
710 2191 1171 2294 dixissenomni'spiritui
1196 2171 1274 2280 non
1296 2183 1375 2266 'essse
1400 2191 1646 2289 credendum,
1677 2205 1874 2294 antequam
1897 2197 1943 2267 ab
1966 2183 2037 2266 alt-¹

470 2317 546 2392 quo
574 2287 761 2390 'probatus
792 2297 875 2379 'esse
885 2303 893 2382 J
903 2297 1093 2388 noscatur
1113 2320 1156 2366 ex
1182 2292 1285 2382 Deo3
1310 2293 1423 2366 'dedit
1457 2294 1566 2364 etiam
1592 2286 1758 2389 signum,¹
1801 2292 1904 2388 quod
1930 2295 1961 2366 si
1987 2287 2035 2389 ab

468 2389 595 2486 aliquo
619 2389 750 2488 spiritu
773 2389 885 2484 desit,
911 2387 971 2460 ille
996 2389 1124 2487 utique
1151 2392 1308 2476 erroris,
1329 2411 1408 2458 non
1435 2402 1488 2458 est
1509 2388 1590 2459 Dei
1640 2389 1728 2458 Hocv
1748 2409 1841 2482 ergo·
1859 2386 2038 2458 indicium

466 2485 578 2580 hujus
603 2486 706 2557 modi
730 2485 785 2558 rei
811 2488 938 2558 dicunt
953 2495 1061 2557 esse:
1089 2485 1230 2574 omnis,
1253 2483 1392 2582 inquit,
1413 2483 1562 2582 spiritus
1588 2484 1654 2584 qui
1679 2483 1875 2555 confitetur
1894 2483 2038 2558 domini

414 2601 419 2608 '
466 2579 634 2659 vertum.
686 2584 867 2672 Quicum
893 2596 987 2654 esset
1008 2582 1048 2671 in
1073 2583 1194 2654 torma
1214 2579 1303 2670 Dei,
1330 2579 1489 2654 formam
1509 2581 1713 2685 suscipiens
1727 2579 1841 2672 servi,
1866 2581 2036 2680 incarne

467 2683 588 2772 ¹venit,
624 2682 674 2751 ita
704 2691 745 2748 ut
778 2691 971 2776 appareret
1001 2685 1040 2748 et'
1069 2689 1255 2776 pateretur
1289 2678 1342 2750 in·
1363 2701 1404 2750 ea
1439 2705 1510 2778 pro
1541 2681 1671 2772 nobis,
1702 2679 1907 2753 secundum
1932 2679 2035 2778 quod

468 2780 706 2852 dictumest:
747 2774 1087 2865 “manifestatoriis
1110 2785 1262 2868 carne‚''
1289 2786 1323 2846 et
1347 2773 1458 2849 illud:
1496 2777 1670 2852 “Christo
1697 2802 1807 2876 passo
1829 2802 1899 2874 pro
1925 2775 2036 2850 nobis

471 2878 511 2948 in
536 2881 680 2946 carnc.”
732 2871 806 2965 Qui
826 2897 914 2968 ergo
936 2873 987 2944 ita
1013 2872 1219 2966 confitetur,
1244 2899 1286 2946 cx
1302 2875 1384 2946 Deo
1411 2888 1484 2966 est,
1504 2873 1600 2948 ¹dum
1622 2873 1932 2976 dispensationem
1951 2899 2036 2950 vere

469 2975 613 3051 factam(
638 2965 929 3042 doctrinabiliter
958 2972 1148 3056 fateatur„
1190 2969 1230 3045 Si
1266 2973 1349 3070 quis
1387 2997 1474 3048 vero
1507 2973 1617 3047 solvit
1649 2977 1791 3060 Iesum,
1829 2987 1864 3044 et
1897 2971 2035 3070 purum

467 3071 591 3142 Deum
610 3071 763 3144 verbum
789 3081 890 3139 extra
924 3095 1072 3142 carnem
1096 3095 1174 3142 esse
1202 3083 1340 3168 putat,¹
1365 3084 1401 3142 ct
1426 3095 1504 3143 non
1524 3097 1607 3145 vere
1629 3069 1820 3145 homiuem
1851 3069 1960 3162 dicit,
2000 3075 2036 3145 et

469 3170 641 3241 universa
675 3165 958 3264 dispensationis
989 3163 1068 3262 ejus
1093 3169 1191 3242 facta
1224 3175 1296 3265 pro
1320 3165 1514 3266 phantasia
1542 3169 1755 3260 confirmat,
1787 3189 1872 3240 cum
1889 3165 2035 3261 hujus-

469 3265 575 3339 modi
600 3263 750 3362 s'piritus
777 3264 935 3362 erroris5
958 3290 1001 3337 ex
1026 3261 1108 3338 Deo
1134 3292 1213 3338 non
1239 3279 1303 3338 est.
1354 3267 1429 3339 Sed
1452 3266 1541 3340 dicit
1561 3267 1715 3366 aliquis5
1741 3263 1876 3338 multos
1899 3261 2035 3338 haere-

472 3366 634 3437 ticorum
658 3359 824 3434 confiteri
846 3361 922 3457 ejus
948 3365 1193 3461 praesentiam
1218 3359 1464 3457 incarnatam,
1497 3365 1623 3464 quales
1646 3376 1732 3440 sunt
1751 3365 1841 3438 novi
1866 3362 2035 3464 prophe-

468 3468 527 3532 tae
550 3461 597 3530 de
618 3451 780 3555 Phrygia
799 3453 1051 3556 procedentes.
1083 3461 1170 3534 'His
1185 3461 1488 3562 respondendum
1509 3477 1573 3556 est,
1600 3464 1687 3562 quia
1711 3463 1805 3535 sicut
1828 3457 1951 3534 nullus
1973 3459 2034 3532 di·-

470 3560 519 3630 cit
550 3557 744 3628 dominum
779 3558 907 3629 lesum·
930 3561 1002 3631 nisi
1033 3561 1073 3631 in
1106 3560 1237 3658 spiritu
1272 3577 1420 3655 sancto,
1459 3585 1539 3634 non
1574 3561 1813 3637 vocitandum
1835 3559 1881 3656 *).
1956 3559 2034 3631 Nec

469 3665 737 3752 consequenter
761 3653 960 3728 daemones
986 3671 1021 3728 et
1039 3655 1216 3730 homines
1236 3657 1363 3752 fictos,
1391 3682 1562 3732 necnon
1587 3673 1622 3730 et
1647 3656 1848 3730 haereticos
1868 3656 2034 3729 dicamus
2088 3655 2096 3660 '

469 3754 638 3852 spiritum
664 3749 800 3823 habere
825 3764 1012 3849 sanctum,
1044 3757 1147 3854 quod
1164 3754 1234 3829 'est
1261 3757 1509 3855 incongruum
1537 3755 1624 3829 satis
1656 3769 1692 3827 et
1715 3751 1882 3853 impium.
1934 3753 2032 3826 Nam

471 3855 500 3922 si
525 3867 604 3924 non
627 3871 718 3924 voce
743 3847 882 3942 solum,
909 3855 1109 3942 sedetiam
1131 3853 1306 3954 operibus
1331 3871 1366 3926 et
1387 3852 1519 3927 affectu
1545 3879 1654 3947 vero,
1686 3857 1765 3925 nou
1780 3851 1877 3926 'dolo
1904 3849 2033 3925 domi-2

471 3967 562 4020 nunt
586 3951 708 4019 lesum
735 3947 832 4022 dieat
863 3947 910 4022 ali
939 3952 1016 4044 uis,
1053 3951 1114 4024 hic
1138 3955 1226 4026 vere
1253 3954 1292 4024 in
1323 3952 1463 4052 Spiritu
1494 3965 1622 4025 sancto
1653 3951 1811 4024 eundem
1838 3951 2031 4026 dominum

471 4043 676 4144 confitetur.
728 4047 830 4119 Sicut
856 3979 1114 4146 qniirus'dixit
1136 4052 1253 4122 Iesus:
1293 4057 1385 4124 “vos
1411 4073 1471 4122 me
1496 4052 1634 4126 vocatis
1659 4049 1875 4148 magistrum
1900 4063 1937 4122 et
1957 4051 2031 4126 doe

471 4143 633 4234 rninum,
672 4155 708 4215 ct
737 4149 829 4219 bene
861 4149 991 4220 tacitis.¹
1052 4149 1143 4218 Sum
1178 4149 1311 4220 etenim
1330 4160 1464 4232 'vester
1500 4145 1715 4246 m'agister,”
1752 4149 1816 4246 qui
1848 4149 2030 4262 suscipitis

446 4242 677 4348 doctrinam
704 4269 843 4334 meam,
870 4258 905 4314 et
930 4242 1144 4340 dominum,
1168 4246 1311 4324 servitis
1337 4247 1433 4318 enim
1461 4246 1646 4326 voluntate
1672 4271 1862 4346 germana,
1885 4248 2031 4320 fanen-

482 4391 918 4428 Ἣ
1028 4418 1034 4428 Ι

433 4507 436 4514 ·
531 4479 563 4559 *ὶ
583 4451 772 4561 Legendum
795 4483 858 4540 est:
885 4483 1147 4550 eonsensum„
1183 4529 1187 4536 .
