4608 5460
303 961 311 976 ‘
385 989 389 992 -
481 957 602 1026 ιιειιιο,
615 941 809 1014 mirabitur
835 947 939 1016 ame
965 923 1361 1042 repititalnijmea'equ

475 551 588 652 igitur
614 546 766 648 aliquod
791 543 918 621 saltem
939 542 1078 618 laboris
1099 545 1171 616 mei
1190 545 1455 645 compendium
1474 549 1652 643 facerem,
1672 544 2057 636 tenum'Enarrnto-

479 652 537 722 nis
559 643 1097 762 exemess‘lall‘fffflffi
1156 644 1715 764 Wj‘fldefflfflffliflllii
1735 657 1841 744 Quae
1869 682 1956 732 vero
1983 685 2056 732 an·
2126 679 2129 684 ’

479 749 622 821 notarit
646 746 724 835 ille,
751 759 801 817 rta
821 759 907 818 sunt
932 769 1146 842 comparas
1172 770 1319 835 omma,
1344 758 1404 834 ut,
1437 773 1468 830 st
1495 763 1721 842 omitterem,
1754 751 1848 825 mibi
1874 781 2052 854 meaeque

482 844 784 941 editionideesse
810 845 888 944 ipse
909 843 1064 945 >viderer
1116 836 1865 1015 lltstufissallthdlffltfflmfdsssssslallwqm
1889 856 2055 940 criticam

1361 941 1392 1040 ‘e‘
1419 946 1668 1042 nterpositarn:
1718 948 1862 1047 ‘Neque
1882 968 2057 1026 veruto·-

481 1057 558 1114 tam
581 1041 641 1113 ille
663 1041 817 1138 perfecit
842 1067 942 1131 rem,
973 1039 1050 1112 imo
1074 1039 1191 1112 multa
1219 1041 1302 1113 aliis
1331 1041 1479 1140 reliquit
1510 1041 1640 1116 melius
1667 1045 1697 1118 si
1713 1047 1806 1118 lieri
1832 1043 1968 1145 poterit
1993 1077 2056 1122 re-

483 1140 677 1213 stituenda.
733 1141 818 1211 Hoc
845 1141 876 1212 si
907 1137 1017 1211 nobis
1048 1136 1256 1236 eontigerit·
1272 1137 1475 1213 Gallandio
1501 1140 1746 1235 felicioribus,
1783 1149 2057 1244 quammaxime

436 1317 438 1325 ,
483 1237 637 1312 debetur
664 1238 704 1310 id
729 1237 831 1311 haud
859 1264 935 1314 uno
962 1237 1005 1312 in
1026 1235 1111 1324 lucu
1129 1236 1287 1319 scholiis
1312 1241 1485 1330 Graeca,
1524 1239 1659 1338 quibus
1688 1241 1788 1316 velut
1817 1245 1968 1319 medelis
2007 1247 2055 1320 ad

484 1362 609 1412 veram
633 1337 786 1410 Latinae
810 1336 989 1409 versionis
1015 1351 1052 1409 et
1073 1334 1269 1409 lectionem
1295 1352 1332 1409 et
1354 1337 1690 1436 interpunctionem
1710 1341 1968 1416 inveniendam
1992 1371 2056 1416 re-

483 1435 770 1534 ponendamq'ue
796 1437 942 1534 saepius
966 1434 1030 1506 usi
1054 1429 1192 1509 sumus.
1253 1437 1303 1508 At
1325 1443 1415 1512 ve'ro
1431 1451 1484 1508 ut
1498 1431 1551 1508 'in‘
1571 1434 1724 1512 scholiis
1749 1437 1900 1514 Graecis
1923 1467 2054 1514 emen-

483 1534 626 1608 dandae
648 1535 839 1608 Versionia
865 1535 1020 1606 Latinae
1043 1532 1144 1616 haud
1173 1535 1344 1634 exignum
1370 1533 1534 1633 positum
1562 1550 1616 1608 est
1645 1535 1852 1612 subsidium
1878 1541 2054 1638 aequasi

483 1634 707 1724 remedium,
738 1634 789 1704 ita
810 1634 851 1705 in
875 1633 1054 1704 Versione
1080 1634 1214 1705 Latina
1245 1629 1343 1704 haud
1371 1635 1491 1731 pauca
1522 1631 1628 1727 runt,
1662 1634 1798 1734 quibus
1826 1637 1967 1736 'optime
1999 1639 2053 1724 uti

482 1732 671 1829 potuimus
699 1731 747 1804 ad
779 1731 1035 1829 retingendum
1063 1729 1292 1804 scholiorum
1308 1729 1550 1812 “Graecorum
1580 1729 1719 1810 textum
1751 1733 1829 1807 non
1860 1751 2053 1835 nunquam

482 1843 710 1928 corruptum.
768 1833 873 1920 Quae
903 1827 1062 1918 scholia,
1098 1831 1268 1926 quamvis
1291 1857 1311 1901 e
1337 1828 1441 1902 libris
1459 1833 1562 1904 ‘edita
1588 1833 1662 1904 sint
1680 1831 1781 1906 satis
1798 1831 2052 1933 bonisiisque
2113 1871 2117 1876 ·

481 1927 753 2026 antiquioribus
781 1929 836 2024 *),
873 1925 1012 1999 habent
1044 1925 1419 2016 ῑιιιιειι”’ἰιιιιειόιιιιι,Ι
1445 1929 1485 2001 in
1524 1927 1660 2028 quibus
1692 1929 1858 2018 offertum
1882 1927 2051 2024 baereas,

481 2025 595 2100 verba
617 2025 763 2125 singula
787 2029 984 2124 corrupta,
1010 2019 1349 2126 sententiarumque
1376 2027 1546 2104 'ordinem
1573 2028 1670 2100 male
1692 2028 1892 2132 turbatum.
1952 2033 2054 2104 Cor-

382 2163 383 2166 *
437 2138 439 2142 ‘
480 2128 674 2223 ruptiones
696 2123 923 2198 s'choliorum
946 2125 1057 2222 atque
1080 2122 1304 2197 offensiones
1331 2137 1476 2197 tantum
1499 2149 1578 2198 non
1600 2146 1730 2202 omnes
1753 2155 1826 2228 pro
1850 2153 1919 2202 suo
1944 2132 2051 2227 inge-²

482 2225 534 2298 nii
573 2223 741 2298 acumine
775 2228 866 2296 bene
902 2221 1091 2321 perspexit
1123 2224 1272 2320 quidem
1306 2249 1349 2295 ac
1389 2223 1601 2320 conjectura
1635 2224 1827 2303 sublevare
1864 2228 2050 2322 interdum
2165 2253 2167 2260 ’

481 2324 623 2420 optimu
647 2323 798 2399 tentavit
814 2321 1036 2394 Matthaeius
1052 2321 1192 2413 editor,
1218 2321 1318 2392 idem
1340 2347 1428 2396 vero
1448 2343 1565 2418 quom
1582 2325 1800 2394 versionem
1815 2325 2052 2402 scholiorum

479 2423 772 2522 Didymaeorum
798 2422 967 2492 Latinam
990 2421 1220 2519 superstitem
1248 2441 1324 2488 esse
1350 2419 1555 2513 ignoraret,
1577 2416 1696 2489 'multa
1708 2415 1730 2508 ,'
1745 2443 1841 2516 quae
1857 2443 1902 2492 ex
1925 2446 1968 2492 ea
1988 2440 2052 2493 re-·

480 2523 603 2617 parari
628 2545 736 2618 posse
762 2520 935 2592 videntur
959 2543 1072 2615 quam
1094 2515 1401 2605 certissime-sut
1424 2517 1600 2587 intentata
1620 2541 1776 2612 prorsus
1802 2532 1865 2589 aut
1882 2535 2049 2592 nonna*

446 2643 450 2650 ·
479 2633 568 2694 nata
589 2619 686 2692 curis
708 2611 976 2715 posterioribus
992 2614 1149 2711 reliquit
1199 2611 1579 2712 Exempla-rei,quid
1604 2613 1723 2688 valeat
1745 2616 1784 2687 in
1810 2617 2051 2690 emendandis

478 2715 631 2792 scholiis
645 2715 797 2788 Graecis
821 2715 954 2788 Latina
971 2712 1123 2801 Venno,
1150 2735 1220 2808 pro
1238 2709 1363 2784 salute
1384 2734 1427 2783 ex
1452 2712 1531 2783 istis
1550 2709 1621 2784 sihi
1642 2713 1754 2812 petita
1771 2715 1925 2811 gratiam
1941 2717 2049 2812 quasi

479 2815 708 2912 repondens,
733 2815 924 2887 annotatio
948 2825 1085 2884 nostra·
1102 2810 1225 2882 critica
1243 2808 1501 2908 suppeditabit.
1549 2814 1674 2910 'Atque
1702 2805 1753 2912 de?
1771 2811 1829 2885 his
1850 2811 2048 2887 hactenus!

479 2963 491 2976 -
589 2915 734 3005 Restat,
758 2925 817 3003 ut,
844 2938 961 3010 quum
984 2910 1167 3009 Didymus
1187 2907 1225 2979 in
1242 2908 1486 2982 Enarratiorte
1506 2933 1571 2982 sua
1589 2910 1778 3010 vulgarem
1794 2911 2047 3010 Epistolarum

368 3005 370 3016 ¹
481 3009 776 3104 Catholicarum,
801 3037 896 3112 quae
918 3012 958 3082 in
973 3005 1162 3081 codicibus
1184 3003 1482 3108 editionibusque
1500 3011 1687 3084 observari
1710 3008 1813 3099 solet,
1836 3011 1967 3084 seriem
1984 3035 2049 3108 ref·

454 3111 646 3218 ⁸tinuerit,
672 3137 841 3201 causam,
868 3133 934 3182 cur
965 3107 1005 3179 in
1024 3107 1185 3180 editione
1207 3120 1335 3179 nostra
1355 3110 1625 3207 praescriptum,
1648 3109 1760 3182 istum
1788 3110 2045 3207 Enarrationis

480 3209 648 3282 ordinem
669 3208 784 3308 paulo
797 3206 1089 3294 immutaverim,
1116 3203 1277 3278 breviter
1297 3232 1489 3305 exponam.
1541 3207 1700 3298 Etenim,
1722 3209 2047 3308 qnoniamEn'ar*

478 3305 661 3382 rationem
683 3305 784 3386 illam
808 3333 876 3405 per
899 3307 1111 3380 occasiones
1133 3301 1271 3403 publici
1288 3305 1362 3376 mei
1381 3303 1544 3379 muneris
1556 3306 1804 3406 particulatim
1825 3309 1934 3381 edere
1950 3329 2047 3380 con-‘-
2081 3343 2105 3398 χ

480 3407 646 3478 stitutum
675 3405 766 3477 mibi
790 3421 863 3495 est,
901 3429 983 3478 eam
1014 3404 1137 3478 statim
1167 3402 1358 3477 Versionis
1392 3406 1545 3478 Latinae
1578 3406 1910 3504 partem'editioni
1941 3431 2046 3478 meae

480 3499 685 3601 eligendam
706 3503 786 3574 esse
812 3503 959 3617 putavi,
990 3525 1104 3601 quae,
1133 3516 1174 3575 ut
1197 3497 1305 3600 plura
1325 3515 1362 3574 et
1384 3501 1553 3602 longiora
1575 3506 1739 3578 continet
1760 3506 1894 3600 Graeci
1918 3529 2044 3577 exem-

478 3601 531 3700 pli
561 3603 785 3698 fragmenta,
816 3615 866 3673 ita
895 3597 1075 3696 majorem
1098 3595 1210 3678 habet
1236 3603 1616 3693 commendationem,
1648 3617 1758 3702 atque
1784 3605 1832 3674 ad
1866 3601 2043 3680 vindicias

480 3725 580 3773 meas
603 3697 904 3797 comprobandas
929 3701 1003 3773 vim
1030 3727 1072 3772 ac
1103 3713 1331 3797 potestatem.
1383 3703 1511 3800 ltaque
1531 3701 1624 3773 nihil
1644 3701 1851 3790 miraberis,
1870 3701 2042 3772 Enarra-

481 3799 621 3876 tiouem
646 3795 797 3898 Didymi
819 3799 856 3870 in
879 3798 1064 3898 Epistolas
1090 3803 1127 3873 S.
1149 3800 1325 3892 Ioannis,
1355 3811 1398 3874 ut
1415 3817 1509 3900 quae
1535 3801 1574 3874 in
1603 3795 1832 3897 boc'gencre
1857 3825 1947 3899 prae
1966 3815 2042 3870 ‘ce-
2131 3879 2137 3892 .

482 3899 566 3972 teris
585 3895 752 3988 excellat,
778 3897 882 3997 prius
900 3923 929 4010 a
947 3897 1060 3972 nobis
1092 3899 1237 4004 editam.
1503 3900 1505 3906 ’
1819 3943 1824 3948 -

542 4133 571 4223 *l
596 4129 744 4212 Codices,
769 4087 887 4219 :quibus
901 4127 942 4198 in
963 4127 1013 4198 bis
1037 4123 1163 4200 scholiis
1184 4097 1261 4200 usus
1275 4141 1323 4206 est
1339 4088 1550 4206 Matthaeius,
1570 4106 1782 4213 Mosquenaes
1802 4142 1881 4198 sunt
1898 4131 1969 4213 duo,
1991 4101 2040 4200 liis

475 4283 492 4294 ,.
583 4209 730 4302 ¹insigniti
750 4217 850 4300 sigllsz
872 4215 968 4302 μοι
983 4215 1033 4280 Η.
1074 4215 1170 4280 ΙΙΙιιιιι
1191 4216 1452 4300 praestantiorem
1476 4216 1603 4288 saeculo¹
1619 4214 1690 4297 Xt,
1710 4215 1796 4284 hune
1816 4221 1939 4284 maculo
1960 4219 2039 4300 XII,

482 4307 485 4312 “
589 4301 642 4364 vel
663 4297 750 4365 XllI
769 4298 921 4384 scriptum
946 4320 1013 4364 esse
1036 4297 1269 4367 demonstravit
1288 4295 1414 4364 Editor.
1728 4308 1730 4311 ’
1920 4335 1924 4348 -
