4608 5460
446 523 644 624 pertineat,
672 521 913 619 omniumque
937 521 1101 612 intersit,
1127 534 1252 594 tamen
1278 523 1379 620 apud
1399 549 1463 598 eos
1494 523 1674 614 maxime,
1707 523 1771 622 qui
1801 524 1923 599 studio
1948 541 2011 600 at·-

447 649 518 720 quc
544 646 632 692 cura
657 621 881 717 antiquitatis
907 617 1168 692 ecclesiasticae
1191 645 1275 690 curn
1298 624 1577 718 cognoscendae
1603 624 1820 712 accuratius,
1842 637 1921 694 tum
1946 650 2014 694 re-

420 717 665 794 ¹staurandac
697 717 791 790 inter
820 743 889 788 nos
916 719 1106 814 conspicui
1126 718 1213 788 facti
1236 732 1323 788 sunt
1347 744 1391 793 ac,
1416 717 1598 810 celebres,
1630 746 1739 817 spero
1761 745 1821 792 me
1846 717 2009 818 aliquam

448 815 575 890 saltem
602 817 756 912 gratiam
779 815 935 904 mereri,
957 813 1130 912 reliquias
1155 815 1246 906 viri,
1271 817 1367 888 inter
1386 815 1582 914 theologos
1598 819 1815 914 antiquioris
1840 818 2016 890 ecclesiae

446 911 694 987 haud-ultimi
719 926 828 1010 atque
853 911 1063 1010 interpretis
1085 939 1153 986 suo
1180 926 1346 1012 tempore
1370 913 1666 1004 celebratissimi,
1707 913 1807 986 haud
1827 941 2010 1012 spernen-

449 1013 515 1084 das
542 1009 770 1108 colligendo,
795 1009 1043 1100 restituendo,
1068 1011 1299 1103 illustrando.
1349 1015 1395 1083 In
1420 1039 1579 1111 quare,
1608 1013 1726 1085 neiis
1752 1012 1877 1086 ridear
1903 1013 2010 1110 quasi

447 1111 583 1182 invitus
609 1107 777 1179 assentiri
792 1121 910 1220 'atque
938 1134 1048 1204 opem
1070 1113 1186 1200 ferre,
1219 1110 1283 1207 qui
1315 1123 1444 1182 nostra
1469 1123 1605 1201 aetate,
1639 1123 1680 1181 ut
1702 1123 1756 1181 est
1779 1109 1826 1181 ad
1850 1124 2011 1196 extrema
2092 1203 2093 1206 Ἴ

449 1206 599 1304 quaevis
622 1213 763 1304 prona,
788 1211 927 1299 Justur'n
947 1231 1075 1279 rerum
1095 1203 1307 1280 excedendo
1328 1197 1487 1281 modum
1502 1207 1643 1280 bonam
1666 1223 1815 1280 causam
1840 1209 2015 1304 perdunt,

449 1306 570 1378 dicam
583 1303 632 1376 de
652 1313 721 1375 usu
743 1315 890 1400 patrum
907 1306 1092 1403 exegetico
1107 1307 1279 1421 ingenue,
1303 1307 1406 1477 quod
1424 1307 1563 1396 sentio,
1586 1307 1725 1404 paucis.
1769 1306 1954 1402 Equidem
1969 1319 2013 1378 ut

320 1461 324 1480 ,
449 1403 641 1478 incorum
664 1423 822 1474 numero
841 1398 972 1475 haberi
992 1402 1102 1495 nolo,
1129 1427 1200 1502 qut
1219 1406 1257 1476 in
1283 1403 1308 1478 li
1336 1407 1386 1477 ris
1409 1407 1530 1477 sacris
1547 1403 1831 1502 interpretandis
1858 1429 1925 1476 sua
1948 1430 2014 1476 re·-

449 1525 536 1575 ccns
555 1498 705 1574 inventa
728 1501 835 1572 unice
860 1497 939 1572 sibi.
956 1500 1188 1593 collaudant,
1214 1515 1324 1600 atque
1340 1495 1494 1574 ¹Patmrn
1514 1489 1753 1601 despiciendo
1777 1503 1816 1573 i'n
1841 1499 1918 1573 hac
1937 1516 2020 1591 arte

448 1595 597 1670 labores
621 1622 663 1670 ac
686 1598 808 1670 studia
833 1599 908 1670 suis
930 1599 1075 1670 facilem
1101 1596 1282 1696 quaerunt
1307 1599 1486 1699 gloriam,
1511 1602 1562 1673 ita'
1583 1617 1653 1672 nee
1676 1601 1720 1672 iis
1744 1615 1910 1698 unquatn
1939 1599 2018 1670 aaa·

448 1695 617 1794 stipulari
639 1721 808 1792 possum,
833 1697 897 1792 qui
922 1693 1023 1768 hisce
1043 1697 1175 1771 diebus
1197 1696 1439 1791 exstiterunt,
1454 1699 1560 1770 nimii
1586 1712 1750 1774 retemrn
1771 1698 2014 1796 interpretum

447 1792 678 1882 laudatores,
705 1793 790 1890 qui,
814 1819 931 1890 quum
957 1792 1051 1866 nibil
1077 1793 1238 1868 habeant
1263 1799 1586 1895 antiquiusquam
1604 1797 1810 1886 ut'omnia,
1836 1816 1930 1892 quae
1947 1816 2015 1883 suf

447 1907 575 1990 perata
597 1889 740 1964 dudum
767 1893 855 1963 artis
881 1893 1085 1990 exegeticae
1107 1895 1261 1966 infantia
1286 1894 1407 1989 lusit,
1426 1907 1490 1966 aut
1517 1894 1613 1966 ludit
1641 1893 1866 1990 antiquioris·
1894 1891 2018 1968 eccle-.¹

448 1991 524 2062 siae
553 1989 699 2062 inscitia
724 2001 834 2086 atque
865 1991 1007 2061 incuria
1039 1991 1087 2062 ad
1118 1989 1237 2062 libros
1270 2013 1395 2087 saeros
1417 1993 1555 2090 partim
1578 1992 1723 2088 inepta,
1748 1989 2015 2094 partim'fals'a,

446 2101 668 2184 recoquant,
706 2101 924 2186 recoctaque
958 2083 1230 2160 commentariis
1255 2090 1348 2180 suis,
1383 2088 1586 2188 inquibus
1612 2089 2012 2186 noraantiqttisme-

446 2183 542 2258 liora
562 2185 727 2260 invenire
752 2189 808 2257 fas
834 2201 905 2278 est,
938 2186 1134 2258 inlarciant
1153 2188 1293 2286 magis,
1331 2207 1444 2285 quam
1470 2199 1575 2258 recto
1598 2184 1737 2278 judicio
1761 2179 2017 2284 interponant,

447 2320 497 2340 -·
520 2309 591 2354 nos
617 2275 664 2355 ad
679 2305 836 2356 ‘aureum
862 2283 999 2358 scilicet
1022 2298 1233 2356 catenarum
1257 2297 1412 2353 ¹aetatem
1438 2281 1787 2372 rejicere=1student.‘
1824 2285 1905 2350 Stet
1926 2279 2019 2356 snus¹

447 2381 579 2477 cuique
604 2383 657 2451 rei
680 2377 802 2453 honos
825 2407 868 2452 ac
890 2407 976 2454 vera
1003 2379 1222 2450 aestimatio!
1280 2379 1380 2471 Usus
1407 2373 1949 2449 commentariorum'veterutn
1974 2377 2013 2449 in

444 2477 721 2574 interpretando
744 2479 814 2548 nisi
840 2479 986 2547 criticus
1008 2474 1117 2573 plano
1139 2467 1264 2546 nullus
1288 2472 1399 2546 nobis
1421 2485 1485 2546 est.
1536 2469 1740 2571 Inqnibue
1760 2471 1831 2558 ‚ulri
1862 2475 1910 2546 ad
1931 2476 2022 2548 rem*
2071 2469 2073 2475 ’

444 2573 666 2672 pertinentia
690 2573 799 2644 docte
820 2588 855 2644 et
871 2571 1054 2667 eleganter
1075 2571 1241 2669 exposita
1266 2565 1551 2670 deprehenderis
1566 2601 1618 2630 u-
1643 2584 1679 2658 et
1695 2572 1824 2643 insunt
1843 2574 2013 2666 omnino,

446 2671 583 2770 quibus
611 2671 722 2742 etuti
746 2671 885 2769 poteris
909 2685 946 2740 et
972 2669 1145 2767 gaudere,
1170 2664 1219 2766 ex*
1235 2662 1449 2768 theologico
1474 2667 1633 2742 marciane
1651 2669 1916 2768 interpretandi
1942 2685 2020 2767 ,ge-¹

443 2795 548 2860 nere,
567 2807 618 2824 -
640 2791 682 2839 ea
698 2781 881 2866 repetere,
906 2783 1035 2841 nostra
1051 2769 1192 2860 sunere,
1216 2769 1353 2841 nostrie
1377 2771 1622 2840 innecterent
1645 2769 1770 2865 pietati
1796 2765 1948 2840 debebis
1974 2763 2017 2839 et‘

443 2868 635 2940 doctrinae
673 2891 759 2963 erga
788 2867 1043 2966 antiquitatem
1063 2879 1242 2963 tanquam
1266 2865 1477 2963 religiosae3
1509 2884 1613 2982 ,qrrae
1640 2879 1728 2937 vero
1755 2866 1878 2962 minus
1908 2891 2021 2956 vera,

444 2967 522 3038 imo
547 2965 639 3037 falsa
667 2963 906 3054 intellexeris,
941 2988 987 3038 ea
1016 2965 1183 3035 omittere
1212 2965 1357 3061 potius,
1390 2963 1467 3055 vel,
1505 2987 1535 3036 sr
1561 2963 1731 3060 graviora
1757 2964 1835 3036 tisa
1855 2962 2020 3056 suerint,

447 3064 608 3135 admissa
631 3061 831 3155 dijudicare
856 3077 890 3132 et
916 3063 1057 3136 veritati
1084 3074 1120 3132 et
1144 3060 1313 3160 religioni
1339 3063 1452 3136 satius
1478 3062 1556 3132 erit.
1762 3071 1793 3148 J
1876 3135 1879 3141 ,
2016 3089 2022 3098 ·

558 3162 682 3258 Atque
698 3159 744 3229 de
765 3159 824 3232 his
845 3157 1038 3232 hactenus!
1057 3161 1352 3258 Progrediamur
1371 3179 1472 3232 nunc
1493 3159 1684 3256 adipsum
1708 3153 1859 3258 Didymi
1884 3159 2023 3235 nnarae

446 3257 629 3332 rationem
654 3257 695 3329 in
719 3257 816 3357 Epp.
840 3255 1051 3336 Catholicae
1077 3260 1223 3331 Graeco
1248 3255 1471 3357 exemplari,
1494 3269 1675 3355 quantum
1701 3259 1903 3354 superstiti,
1923 3257 2014 3332 vin-

448 3355 653 3430 dicandam.

585 3511 587 3522 '
1190 3575 1261 3672 rr

561 3745 618 3822 De
640 3743 723 3822 uita
754 3741 927 3848 Didymi,
962 3767 1080 3848 quum
1106 3737 1211 3817 bane
1242 3741 1474 3845 provisiolum
1499 3741 1637 3844 optime
1660 3739 2012 3833 administraverint,

452 3846 517 3945 qui
540 3847 588 3919 de
612 3845 658 3920 iis
678 3842 794 3920 rebus
820 3873 863 3918 ex
887 3847 1053 3917 instituto
1079 3855 1245 3942 egerunt,
1274 3859 1444 3918 auumres
1467 3844 1687 3943 grauissimi,
1710 3845 1918 3942 inter-quos
1933 3865 2009 3912 nn-

450 3947 611 4044 perrir'ne
643 3958 729 4044 post
766 3942 1040 4042 Mingarellium
1063 3941 1100 4038 *)
1136 3941 1359 4016 Gueriekius
1378 3947 1437 4036 **)
1470 3941 1656 4035 excelluit,
1695 3942 1826 4040 paucis
1856 3951 2013 4030 tanturn,

452 4069 547 4142 quae
573 4044 831 4142 pro‘instituti
856 4042 977 4116 nostri
1001 4041 1145 4116 ratione
1169 4043 1375 4116 necessaria
1393 4035 1615 4135 uideantur,
1641 4053 1879 4139 exponemus.
1961 4119 1965 4130 ,

513 4275 543 4355 *J
555 4269 606 4340 V.
626 4273 765 4362 Didymi
785 4253 962 4340 Alexandr.
983 4273 1023 4338 de
1042 4265 1203 4340 'It-infrare
1222 4269 1293 4336 libri
1314 4283 1346 4344 3.
1368 4269 1455 4337 tttinc
1473 4273 1618 4366 prim‘tim
1633 4263 1757 4336 Graece
1779 4265 1871 4343 editi,
1896 4219 2021 4331 taline.

515 4381 519 4390 ’
562 4365 712 4424 conversi
726 4381 762 4424 ac
782 4360 866 4423 notis
880 4360 1025 4424 illustrati
1047 4381 1064 4419 a
1078 4357 1104 4421 Ι.
1118 4355 1256 4442 Aloysio
1269 4355 1481 4443 Mingarelliot
1502 4359 1663 4422 Bononiae
1676 4349 2011 4423 MDchttttt-ttt

490 4467 558 4570 β’)
580 4471 631 4534 De
650 4470 764 4536 Schola
783 4467 1013 4535 Alexandrina.
1039 4465 1077 4530 P.
1097 4477 1128 4536 1.
1153 4485 1188 4550 p.
1206 4477 1258 4540 92.
1382 4537 1386 4544 Ι
1641 4521 1647 4532 ,
1685 4530 1712 4558 ,ἡ
1839 4560 1842 4566 Ι
1885 4507 1888 4532 ,
1922 4508 1943 4535 ι,
1976 4495 2003 4530 ‚p
