4608 5460
899 415 1237 517 ...ὅῶ

391 615 546 690 Constat
570 609 665 684 iuter
687 629 839 702 ornnes,
863 611 1086 710 Didymum,
1116 623 1228 710 quem
1255 617 1370 712 quum
1396 631 1418 681 a
1443 633 1558 709 parva
1572 615 1700 683 'aetate
1723 603 1839 708 oeulis

279 725 407 813 captus
424 727 517 784 esset
548 738 695 785 coecum
728 709 806 806 ipsa
831 708 906 806 jam
933 710 1212 807 cognominavit
1238 711 1455 808 antiquitas,
1483 735 1551 807 per
1575 711 1644 782 Lx
1667 709 1743 782 fere
1769 732 1841 797 an-

276 837 367 902 nos,
402 837 520 909 usqne,
552 811 600 882 ad
632 810 807 888 LXXXV
845 808 972 880 aetatis
1005 831 1165 899 annum,
1201 805 1352 881 illustris
1374 805 1532 881 Scholae
1566 805 1841 880 Alexandrinae

276 909 502 1026 praefectum
526 910 658 997 luisse,
685 907 838 978 Macarii
863 929 1132 996 successorem,
1167 907 1289 980 virum
1312 915 1467 1018 propter
1487 905 1694 978 doctrinam
1728 916 1839 1004 atq'ue

277 1035 317 1080 1n
340 1021 495 1104 utraque
519 1006 720 1077 litteratura
742 1004 986 1076 eruditionem
1012 1031 1166 1101 prorsus
1186 1005 1377 1094 eximiam,
1404 1003 1644 1103 eandemque,
1667 1004 1839 1076 caecitate

278 1108 355 1177 sere
393 1105 520 1176 innata
560 1101 653 1174 nihil
692 1102 937 1200 impediente,
992 1103 1215 1176 continuatis
1259 1097 1578 1175 lucubrationibus
1619 1096 1841 1200 assiduaque

277 1202 466 1275 auditione
486 1216 521 1272 et
543 1200 717 1289 molesta,
756 1214 1007 1297 comparatam
1026 1200 1062 1296 t)
1085 1242 1138 1260 -
1163 1201 1336 1274 omnibus
1367 1197 1660 1273 laudatissimum
1686 1224 1731 1272 ac
1755 1226 1841 1272 nere

277 1298 543 1392 admirabilem.
594 1295 737 1370 Floruit
763 1323 831 1369 suo
855 1312 1022 1400 tempore
1045 1325 1129 1369 cum
1157 1298 1283 1372 multis
1303 1296 1541 1392 nominibus,
1570 1311 1650 1372 tum
1672 1297 1863 1370 ‘maxime‘

276 1395 478 1494 exegeticae
502 1397 590 1467 artis
616 1393 723 1484 laude
749 1407 871 1486 tanta,
908 1410 949 1468 ut
972 1423 1014 1468 ea
1036 1395 1155 1468 allecti
1186 1397 1234 1470 ad
1258 1395 1485 1470 audiendum
1508 1389 1623 1482 taleni
1646 1395 1839 1486 doctorem

275 1498 442 1592 undiquc
460 1491 729 1566 ,Alexandriam
753 1493 968 1570 advolarent
992 1494 1183 1593 discipuli,
1207 1497 1303 1568 inte'r
1325 1521 1420 1598 quos
1442 1520 1532 1596 prae
1548 1491 1627 1571 aliis
1644 1489 1839 1568 nominare
1860 1517 1868 1538 ‘

272 1593 359 1680 licet
384 1593 580 1680 llu'linuni,
620 1591 685 1706 (pti
708 1618 776 1690 per
801 1591 939 1680 multos
963 1603 1004 1664 ut
1028 1593 1106 1694 ipse
1131 1591 1310 1692 gloriatur
1330 1593 1398 1690 *Ἴ
1421 1619 1541 1666 annos
1572 1618 1658 1666 eum
1687 1591 1841 1682 audivit,

274 1684 565 1792 Hieronymum,
594 1691 783 1764 ludorum
807 1689 1043 1764 Pelusiotam.
1092 1693 1219 1792 Atque,
1239 1718 1318 1766 non
1344 1689 1466 1764 solum
1488 1691 1574 1766 viva
1599 1716 1690 1767 roca
1715 1689 1842 1762 docuit

275 1783 459 1904 Didymus
482 1789 579 1884 ***),
605 1778 669 1860 scd
696 1789 805 1862 etiam
826 1791 970 1905 scriptis
996 1815 1059 1861 exe
1086 1791 1185 1864 eticis
1210 1785 1337 1880 laudes
1351 1789 1451 1888 apud
1468 1783 1719 1889 posteritatem
1734 1780 1841 1864 valde

276 1900 405 1983 aurit„
432 1883 639 1986 ,Testis'sest
663 1913 752 1984 prae
778 1897 929 1978 caeteris
951 1817 1261 1988 locupletissimus
1286 1889 1558 1983 Hieronymus,
1596 1888 1661 1988 qui
1692 1885 1734 1986 in
1765 1887 1842 1958 Ca-

274 1983 401 2083 talogo
432 1985 480 2080 †)
511 1995 655 2073 narrat,
695 1993 806 2073 „eum
837 1979 954 2057 multa
989 2013 1104 2086 opera
1133 2001 1168 2059 et
1190 1985 1329 2060 nobilia
1359 2013 1426 2086 per
1448 1985 1617 2058 notarios
1641 1984 1844 2084 scripsisse,

274 2082 559 2177 commentarios
585 2079 624 2152 in
639 2077 815 2154 'Psalmos
842 2109 991 2176 omnes,
1017 2086 1304 2167 commentarios
1330 2083 1369 2158 in
1392 2082 1636 2182 Evangelinm
1658 2081 1842 2168 Matthaei

277 2193 313 2278 et
338 2176 515 2270 loannis,
530 2218 580 2236 -
600 2219 651 2234 --
675 2173 714 2250 in
736 2174 870 2252 isaiam
894 2189 1017 2254 tomos
1034 2175 1193 2282 XVIIL5
1218 2182 1257 2256 in
1282 2181 1451 2256 Osecad
1477 2177 1539 2268 tna
1553 2179 1718 2264 scribens
1735 2208 1842 2278 com-¹

195 2283 202 2294 ”
275 2273 543 2358 turmariorum
564 2265 680 2347 libros
703 2275 798 2366 tres,
836 2279 935 2351 etin
962 2277 1179 2354 Zachariam
1204 2307 1290 2356 meo
1314 2269 1453 2382 rogatu
1469 2272 1587 2353 libros
1610 2280 1775 2395 quinque
1809 2282 1844 2350 et

277 2374 563 2448 commentarios
584 2373 624 2440 in
648 2369 722 2440 Job
749 2383 785 2442 et
802 2371 952 2464 -i'nlinita
975 2373 1066 2464 alia,
1092 2403 1186 2472 quae
1203 2379 1367 2476 digerere
1382 2406 1453 2480 pro
1480 2377 1527 2452 rii
1545 2375 1677 2467 indicis
1699 2387 1779 2452 stt.''
1793 2417 1843 2432 —

277 2472 351 2566 Qui
377 2467 729 2542 commentariorum
751 2467 794 2540 in
817 2467 1008 2568 utriusque
1030 2475 1237 2546 testamenti
1264 2473 1384 2548 libros
1415 2406 1624 2575 abidymo,
1657 2476 1842 2550 editorum

277 2563 465 2679 catalogus
489 2563 631 2681 egregie
655 2566 783 2662 angeri
805 2565 927 2666 potest
961 2595 1004 2660 ex
1030 2567 1194 2664 ejusdem
1220 2571 1438 2674 Hieronymi
1463 2569 1760 2666 commentariis,
1789 2570 1840 2646 'in

279 2668 419 2770 quibus
438 2652 593 2769 Didymi
612 2667 811 2762 tractatus,
834 2671 942 2764 ,quos
968 2667 1006 2753 in
1030 2667 1105 2742 auis
1128 2667 1206 2768 ipse
1232 2665 1479 2769 adhibuisset,
1510 2668 1685 2769 singulos¹
1701 2669 1840 2770 passim
1908 2690 1911 2698 “

278 2757 413 2849 laudat.
463 2765 586 2862 Atque
609 2761 754 2835 omissis
778 2773 880 2836 nunc
902 2761 1055 2866 Didymi
1078 2767 1118 2839 in
1142 2769 1186 2841 X.
1209 2763 1252 2844 T.
1279 2763 1394 2845 libros
1418 2765 1713 2861 commentariis,
1738 2767 1845 2866 ejus-.

276 2869 361 2951 dem
375 2866 421 2935 'in
448 2857 619 2961 epistolas
640 2857 812 2940 Panli'ad
837 2859 1020 2962 Ephesios
1041 2871 1078 2936 ‘et
1093 2861 1243 2940 Galatas
1270 2865 1582 2943 commentariolis
1607 2867 1647 2964 in
1672 2863 1747 2944 suis
1764 2869 1843 2966 ††)

275 2967 355 3064 ipse
386 2986 473 3033 usus
508 2973 563 3030 cst
588 2959 861 3064 Hieronymus.=
910 2961 1101 3036 Praeterea
1137 2963 1177 3036 in
1211 2962 1291 3038 acta
1314 2953 1569 3064 apostolorum
1607 2981 1840 3060 commenta-

276 3065 390 3138 rium·
410 3057 597 3154 scripsisse
627 3055 863 3156 Didymum,
900 3059 1225 3158 testantur-'hujus
1261 3065 1515 3138 commentarii
1550 3067 1774 3164 fragmenta,
1818 3090 1840 3136 a

277 3165 306 3236 1.
343 3152 616 3252 Christophoro
645 3159 697 3228 W
703 3155 791 3228 ollio
827 3158 866 3229 in
898 3158 1066 3230 anecdot.
1090 3159 1241 3234 Graecis
1267 3163 1378 3260 †††)
1411 3150 1563 3237 collecta
1588 3177 1624 3236 et
1648 3157 1842 3254 illustrata,

275 3261 421 3334 Horum
443 3279 537 3337 ,raro
558 3255 923 3348 commentariorum,
946 3257 1041 3356 duos
1065 3254 1246 3366 hactenus
1268 3262 1588 3360 enumeravimue,¹
1607 3258 1700 3334 nihil
1725 3287 1838 3361 praev

281 3383 719 3432 au-tu-i-A--t--a
1107 3388 1110 3396 ’
1571 3379 1574 3390 ⁵

315 3491 368 3600 ᾗ»)
390 3499 451 3573 ct.
472 3493 584 3571 auru
603 3499 649 3568 Η.
670 3501 709 3567 n.
729 3487 781 3581 1‘1',
801 3493 833 3573 t.
873 3503 1002 3570 sozom.
1019 3489 1065 3574 n.
1085 3493 1125 3571 a.
1148 3499 1216 3588 111,
1238 3511 1289 3584 15·
1329 3507 1450 3590 sociat.
1469 3508 1515 3578 Η.
1534 3493 1575 3580 b.
1597 3511 1660 3596 tv,
1680 3518 1806 3589 at-ao

280 3607 362 3701 ''‘**)‘
381 3607 478 3684 Rutu
497 3611 639 3718 Apolog.
657 3613 691 3678 in
711 3611 907 3697 Hieronym.
928 3613 970 3692 H,
985 3598 1041 3689 ¹11,
1062 3627 1114 3690 12,
1766 3601 1769 3608 ⁴

300 3731 361 3816 Ψ)
384 3723 521 3790 Rufinus
540 3724 575 3789 in
596 3723 640 3790 Η.
662 3723 700 3788 Ε.
719 3723 770 3802 Il,
788 3733 819 3794 7.
849 3721 891 3785 de
910 3721 1047 3809 Didymi
1077 3723 1243 3811 disciplina
1272 3724 1350 3791 haec
1378 3739 1508 3794 narrate
1546 3726 1653 3809 Hujus
1687 3729 1835 3814 aliquanti

294 3833 298 3840 ·
381 3808 464 3874 diota
492 3805 548 3872 rel
566 3809 781 3872 cummuniter
806 3805 1037 3891 disputata-val
1051 3809 1313 3893 proponentibus
1340 3826 1510 3896 responsa,
1537 3813 1687 3876 adhibitis
1705 3813 1839 3878 notariis

383 3891 599 3977 descripserat
632 3903 711 3977 quae
732 3889 834 3954 ctiam
862 3905 950 3955 nunc
975 3890 1008 3956 in
1037 3913 1152 3976 magna
1184 3893 1393 3962 ndm'uadoua
1410 3896 1590 3960 habentor.
1637 3895 1708 3958 Nos
1727 3906 1836 3959 tamen

386 3977 440 4063 qrri
460 3985 494 4038 et
514 3975 609 4040 vivae
628 3974 717 4040 vocis
743 3975 812 4056 ejus
833 3994 874 4037 ex
893 3984 982 4057 perte
1003 3975 1104 4064 aliqua
1132 3975 1252 4040 luimus
1279 3978 1438 4042 auctores
1464 3991 1497 4042 ct
1526 3999 1579 4054 ea,
1615 3997 1696 4059 qnae
1722 3999 1742 4042 a
1765 4000 1835 4042 nott

380 4053 473 4122 nullis
495 4055 617 4123 dicente
637 4079 675 4121 eo
696 4057 854 4142 descripta
873 4056 1024 4139 legimus,
1056 4059 1150 4142 longe
1170 4063 1325 4141 majorem
1347 4061 1479 4159 gratiam
1507 4070 1539 4122 et
1559 4059 1706 4124 divinum
1726 4062 1845 4126 nescios

311 4154 321 4166 ·
346 4157 350 4164 ’
382 4139 457 4225 quid
478 4147 569 4205 acad
604 4165 629 4204 a
650 4139 820 4204 humanam
842 4151 957 4201 vocem
982 4150 1099 4205 tonans
1119 4143 1154 4208 ln
1174 4141 1234 4210 illis
1262 4144 1362 4228 magis
1387 4141 1607 4224 sermonibus,
1636 4141 1752 4228 quide
1777 4137 1843 4209 ore‘

381 4224 556 4309 ipsiuspro
573 4223 758 4307 ciebantur,
777 4223 979 4310 agnovimus.
1859 4239 1864 4246 '

228 4339 231 4346 ,
419 4353 435 4392 a
461 4375 470 4394 ·
575 4374 586 4394 ι

312 4329 375 4524 ἒ)
391 4331 595 4508 §.bibli-lin
612 4441 749 4528 Prologo
769 4441 898 4506 Coram.
918 4439 957 4506 ad
977 4439 1082 4526 Epa,
1102 4439 1179 4505 item
1208 4437 1243 4503 in
1262 4435 1390 4527 Prolog.
1409 4437 1538 4506 Coram.
1559 4439 1600 4506 ad
1618 4439 1698 4510 Ga·

292 4554 376 4641 ἦῆ)
391 4553 493 4624 Tora.
511 4539 626 4638 lap.
648 4563 666 4623 1
689 4563 759 4636 sqq.
805 4563 809 4570 ’
1134 4543 1153 4598 .“
1207 4561 1210 4564 ·
