4608 5460
887 388 1230 498 ψῃ*

269 597 448 693 tesquae
472 593 578 684 dieoj
615 587 784 693 imptehs·
809 585 1039 670 voluntatem
1071 585 1304 689 patr-issimi,
1330 594 1407 693 qui
1426 595 1480 666 -in'
1497 583 1612 667 'coelo
1637 585 1710 686 e'st,
1746 596 1838 687 siout

273 715 355 789 ego.
406 696 494 767 Non'
519 690 658 766 hahent
682 693 851 790 spiritum
873 705 1059 780 sanctum,
1143 689 1298 762 idiuurt
1310 691 1675 784 dominumtuum,
1692 708 1739 765 et
1757 719 1838 766 non

272 791 413 880 faciunt
446 817 540 890 quae
570 791 767 892 praecipit,
801 815 886 862 cum
914 788 1046 886 procul
1076 715 1200 864 chien
1225 790 1299 861 sint
1333 791 1473 881 corde,·
1497 790 1584 866 solis
1608 817 1706 886 eum
1725 789 1834 864 labiis

274 883 510 963 honorantes.
575 891 736 980 Quando
754 889 789 984 *)
820 885 872 958 illi
900 884 1041 960 habent
1074 885 1254 1002 Spiritum
1288 902 1475 976 sanctum,
1512 890 1575 986 qui
1601 888 1777 992 operibus
1803 905 1838 966 et

275 983 408 1082 affectu
430 999 565 1061 vocant
588 987 782 1077 dominum
804 987 949 1074 Iesum:¹
982 985 1032 1057 ita
1052 984 1561 1084 qu1confiteturqdominum
1583 986 1837 1082 IesumChri-

274 1095 373 1155 stum
406 1108 590 1158 consensu
615 1085 766 1181 'integro
802 1095 837 1154 et
868 1107 975 1174 vero,
1009 1082 1049 1154 in
1087 1107 1197 1154 carne
1233 1083 1394 1176 venisse,
1433 1081 1558 1157 dicens
1589 1109 1629 1156 sa
1657 1085 1769 1158 iendo
1803 1100 1838 1158 et

275 1181 440 1278 agendo,
463 1183 616 1280 quaein
641 1179 869 1254 humanitate
893 1179 1040 1270 docuit,
1065 1179 1217 1278 insuper
1243 1195 1279 1251 et
1303 1181 1468 1253 imitator
1490 1180 1613 1276 ejus·e
1645 1197 1744 1255 ectus
1772 1198 1837 1282 est,

267 1295 466 1375 praesente
489 1280 691 1352 imitatione
717 1273 899 1378 'supernae
922 1277 1231 1374 conversationis,
1254 1277 1316 1352 hic
1341 1279 1511 1379 spiritum
1536 1277 1651 1352 habet
1673 1307 1716 1352 ex
1742 1283 1837 1379 Deo,

274 1378 433 1450 maxime
458 1379 489 1451 si
522 1389 695 1476 sequatur
721 1377 890 1474 vestigia,
927 1375 1077 1450 veniens
1102 1401 1221 1475 usque
1253 1377 1301 1449 ad
1331 1376 1427 1469 hoc,
1464 1392 1507 1450 ut
1530 1380 1777 1480 compatiatur
1803 1395 1839 1453 et

273 1475 510 1573 crucifigatur
533 1489 569 1547 et
595 1476 862 1548 commoriatur
895 1475 945 1546 ei:
986 1499 1071 1546 cum
1095 1475 1245 1572 spiritus
1270 1476 1407 1548 erroris
1431 1502 1450 1547 e
1476 1476 1623 1550 diverso
1650 1479 1837 1568 consistat,

189 1583 194 1590 '
270 1569 359 1644 dicet
384 1572 488 1645 labiis
514 1574 732 1644 confiteatur
757 1575 879 1645 Iesum
915 1571 954 1642 in
983 1596 1093 1644 earne
1128 1573 1280 1646 venisse.
1344 1574 1493 1669 Negans
1526 1577 1624 1645 enim
1652 1577 1837 1668 virtutem,

274 1694 348 1766 qua
376 1669 481 1766 fingit
514 1693 593 1744 esse
625 1671 749 1767 pium,
782 1667 958 1768 operibus
989 1670 1129 1768 respuit
1163 1672 1307 1761 lesum,
1342 1683 1377 1744 et
1400 1670 1484 1744 lieet
1510 1673 1725 1748 confiteatur
1752 1699 1838 1748 eum

271 1768 313 1838 in
338 1768 623 1865 carnerenisse.
690 1765 869 1841 Veniente
900 1791 1062 1868 namque
1089 1794 1153 1858 eo,
1194 1793 1371 1867 quaerere
1404 1783 1441 1842 et
1473 1767 1613 1842 salvare
1640 1771 1744 1870 quod
1765 1797 1839 1870 pe-

272 1865 407 1955 rierat,
443 1881 479 1939 et
510 1863 639 1938 tollere
673 1866 804 1936 mundi
830 1879 1040 1963 peceatum,
1082 1891 1167 1938 curn
1199 1867 1278 1966 ipse
1309 1867 1350 1940 in
1382 1867 1589 1964 perditione
1621 1881 1658 1938 et
1685 1869 1838 1965 peccato

276 1966 474 2058 consistat,
499 1959 612 2035 rebus
638 1964 729 2058 ipsis
754 1975 886 2060 negat,
916 1967 1113 2036 adventum
1140 1963 1218 2059 ejus
1238 1965 1281 2038 in
1309 1989 1419 2036 carne
1443 1968 1593 2038 factum.
1645 1967 1741 2038 Sunt
1767 1993 1839 2040 au-

275 2061 349 2132 tem
382 2062 535 2160 quidam
567 2058 763 2152 haeretici,
830 2060 869 2132 ui
894 2083 1015 2158 neque
1042 2085 1158 2160 usque
1194 2061 1241 2132 ad
1267 2065 1477 2135 'sermonem
1499 2059 1754 2157 consentiunt,
1800 2065 1840 2138 in

275 2183 386 2231 carne
417 2160 558 2234 venisse
592 2162 737 2249 Iesum,
766 2087 832 2230 sed
858 2169 921 2230 aut
944 2184 1080 2255 corpus
1103 2158 1257 2232 coeleste
1284 2185 1369 2232 eum
1392 2158 1563 2232 detulisse
1588 2173 1739 2257 putant,
1777 2175 1840 2232 aut

276 2269 374 2329 certe
406 2281 525 2356 usque
557 2258 619 2332 ad*
637 2253 871 2354 phantasiam
904 2255 1100 2328 hominem
1134 2257 1347 2356 apparuisse
1381 2257 1614 2332 confirmant.
1679 2259 1841 2332 Possunt

275 2356 388 2452 igitur
411 2352 503 2424 haec
526 2355 636 2431 etiam
661 2351 975 2446 spiritualiter**)
1000 2355 1146 2450 exponi.
1184 2356 1371 2445 Quoniam
1390 2356 1491 2430 enim
1510 2358 1646 2435 verum'
1656 2369 1712 2443 est
1736 2355 1840 2446 illud,

264 2449 378 2552 [quod
405 2449 510 2524 dicit:
549 2449 660 2524 “vivo
687 2472 776 2544 ego,
809 2446 885 2542 jam
909 2471 990 2520 non
1015 2473 1104 2547 ego,
1139 2451 1228 2526 vivit
1252 2466 1376 2524 autem
1401 2454 1441 2527 iu
1460 2479 1522 2526 me
1547 2455 1759 2541 Christus‚”
1798 2469 1840 2525 ut

275 2574 420 2648 semper
445 2545 769 2624 mortificationem
789 2548 871 2620 Iesu
895 2545 936 2618 in
959 2570 1028 2620 suo
1056 2573 1213 2648 corpore
1240 2550 1476 2644 circumferre
1500 2549 1688 2640 videatur,
1715 2552 1839 2622 mani-

275 2649 404 2720 festata
432 2647 473 2720 in
507 2642 656 2718 mortali
691 2667 800 2738 carne
834 2667 902 2716 sua
940 2643 1015 2718 vita
1049 2644 1148 2739 ejus,
1188 2672 1300 2746 quem
1334 2647 1548 2736 confitetur,
1587 2647 1765 2739 ostendit,
1799 2649 1839 2722 in

276 2773 352 2846 qua
377 2770 487 2817 carne
510 2744 651 2818 venerit
683 2743 806 2836 Iesus,
845 2767 930 2814 cum
958 2742 997 2816 iu
1031 2742 1175 2818 diversa
1199 2746 1478 2818 conversatione
1504 2745 1550 2816 sit
1573 2745 1736 2848 positus,
1774 2746 1840 2844 qui

276 2843 386 2918 solvit
412 2856 447 2914 et
472 2840 629 2940 sejungit
661 2865 684 2912 a
716 2841 842 2914 semeti
871 2865 913 2913 so
939 2841 1073 2913 lesum.
1123 2841 1253 2933 Qualis
1287 2843 1433 2941 estqui
1467 2853 1578 2937 negat
1604 2869 1699 2916 eum.
1766 2845 1840 2936 Qui

276 2944 376 3013 enim
402 2941 595 3014 confitetur
620 2939 764 3030 Iesum,
798 2867 912 3011 hahet
944 2963 1028 3014 eum
1058 2938 1098 3011 in
1130 2941 1346 3039 semetipso,
1382 2955 1418 3013 et
1443 2937 1619 3012 exsistens
1646 2941 1686 3011 in
1711 2965 1755 3012 eo
1781 2967 1842 3014 se·
1900 3014 1909 3034 ,

278 3039 442 3112 cundum
464 3037 567 3138 quod
585 3037 763 3137 scriptum
789 3051 859 3110 est:
895 3037 1089 3152 “quisquis
1109 3039 1299 3112 confessus
1322 3040 1433 3109 fuerit
1452 3063 1533 3128 me,
1572 3035 1779 3116 confitebor
1806 3054 1841 3110 et

277 3163 362 3212 eum
390 3161 517 3209 coram
550 3149 655 3234 patre
688 3145 808 3208 meo.'’
867 3137 942 3229 Qut
967 3160 1055 3208 vero
1086 3149 1215 3232 negat,
1252 3163 1295 3208 ex
1329 3133 1503 3208 omnihus
1535 3149 1746 3232 segregatus
1776 3151 1839 3208 est.

277 3239 333 3309 De
367 3261 412 3306 eo
444 3259 605 3333 namque
637 3233 739 3333 quod
769 3231 876 3305 dicit:
909 3233 1153 3330 “quicunque
1184 3235 1372 3332 negaverit
1402 3260 1483 3322 me,
1521 3232 1668 3332 negabo
1701 3246 1737 3305 et
1770 3260 1839 3332 ego

251 3344 398 3408 ·eum.”
453 3333 526 3406 Hic
550 3330 758 3432 propositio
787 3355 866 3402 non
896 3332 1112 3420 assumitur,
1150 3333 1246 3404 sicut
1271 3333 1321 3406 ait
1345 3330 1415 3406 ibi:
1451 3330 1685 3410 “confitebor
1711 3345 1744 3402 et
1771 3357 1839 3428 ego

278 3457 362 3504 eum
388 3428 513 3506 coram
538 3443 643 3550 patre
667 3440 788 3506 meo.”
844 3426 1067 3525 Figuraliter
1096 3429 1220 3528 itaque
1256 3431 1345 3502 dicit
1376 3431 1422 3503 de
1457 3427 1695 3522 anticluisto,
1727 3455 1839 3534 quem

277 3533 401 3604 venire
426 3529 652 3606 audinmus:
685 3529 771 3625 quia
798 3526 874 3626 jam
900 3529 940 3601 in
959 3527 1102 3601 mundo
1123 3543 1197 3622 est,
1222 3525 1296 3601 hoe
1322 3541 1388 3620 est,

277 3649 509 3762 npoddeaaur
521 3649 724 3778 ydqaairqri
738 3651 1039 3757 uiuiptsrts‚***)
1080 3679 1147 3752 per
1173 3650 1519 3755 pseudoprophetas
1541 3665 1578 3726 et
1599 3652 1751 3754 spiritus
1775 3671 1841 3726 era

278 3783 621 3877 xapaarqpqutmov
652 3784 696 3834 το
737 3743 797 3833 dcci
833 3741 1041 3854 theodores-
1080 3777 1240 3842 rorum,
1281 3779 1347 3850 per
1388 3776 1483 3850 quos
1523 3747 1679 3828 solvitur
1724 3752 1838 3840 Iesus,
1906 3801 1912 3812 .

278 3859 406 3958 φητῶν
430 3885 498 3934 και
515 3849 740 3977 πνευμάτων
765 3846 870 3937 λύειν
891 3850 957 3932 riv
977 3847 1039 3946 Ἰη·
1081 3849 1232 3952 quando
1254 3848 1574 3936 uonconfitentur
1592 3848 1732 3962 eumin
1752 3873 1840 3925 car·-

276 3959 381 4042 σοῦν,
416 3955 456 4034 ἐν
480 3957 536 4056 τῷ
560 3983 611 4052 μη
639 3948 833 4052 ὁμολογεῖν
857 3949 971 4038 atro
997 3956 1038 4031 ἐν
1079 3972 1126 4022 ne
1156 3951 1308 4026 venisse.
1359 3946 1480 4044 ¹Quod
1506 3957 1631 4021 autem
1654 3959 1706 4020 art
1729 3973 1840 4046 nuato,

284 4135 720 4158 m

306 4308 309 4316 ,
338 4202 594 4322 ubstantiae
624 4193 803 4326 quomodo,
833 4248 929 4332 reete}
963 4281 984 4286 --

318 4352 363 4435 **)
383 4351 467 4412 Gall.
487 4331 695 4434 specialiter.
734 4349 863 4414 Vereor
884 4360 1012 4429 tamen,
1038 4368 1080 4411 ne
1107 4346 1168 4410 hoc
1192 4367 1234 4411 ex
1254 4367 1366 4410 errore
1390 4345 1577 4434 typothetae
1598 4348 1715 4432 magis,
1740 4322 1836 4430 quam

388 4455 430 4498 ex
454 4430 783 4514 conjecturaeditoris
805 4441 912 4494 ortum
932 4432 985 4494 sit.
1320 4445 1323 4450 ·

298 4543 360 4622 ***)
378 4540 569 4612 Matthaeius
590 4551 677 4604 recte
697 4523 967 4626 interponendum
988 4561 1056 4604 esse
1077 4550 1204 4623 censet,
1223 4528 1281 4608 air.
1379 4563 1382 4568 ·

1437 4613 1575 4707 υ
