4608 5460
1074 367 1417 463 ...24-

466 591 582 668 super
612 562 708 637 Abel
736 579 772 635 et
789 563 823 659 *l
847 583 1021 650 munera,
1055 583 1165 657 super
1197 559 1289 631 Cain
1321 571 1442 631 autem
1469 573 1504 634 et
1530 561 1757 638 oblationem
1778 566 1857 662 ejus
1881 591 1960 642 non
1977 565 2041 641 re:

468 666 604 764 spexit3
642 677 677 733 et
696 661 767 733 hac
790 685 900 732 causa
923 683 1118 756 percussus
1145 659 1284 732 invidia
1311 659 1405 730 Cain
1434 674 1594 734 mortem
1626 673 1810 760 operatus·
1827 680 1882 738 ost
1907 668 2043 740 adver-

468 790 532 836 sus
551 761 745 860 proprium
777 763 940 830 fratrem.
991 759 1252 853 Quapropter,
1277 755 1366 828 licet·
1383 756 1527 859 dicatur
1548 783 1592 830 ex
1611 761 1774 929 maligno
1796 789 1874 835 esse
1891 781 2044 861 proptor

471 887 587 960 opera
626 874 716 929 tunc
753 854 870 946 mala,
910 869 1035 926 tamen
1060 880 1139 926 non
1164 854 1380 926 naturaliter
1404 872 1462 928 est
1490 858 1529 928 in
1548 855 1630 930 illo.
1714 859 1873 934 er-buno
1899 885 2046 934 sermo-

468 987 556 1032 nem
579 956 755 1045 ostendit,
786 955 874 1054 quia
900 954 946 1024 sit
970 951 1158 1024 homicida
1178 953 1294 1042 Cain,
1320 953 1465 1041 dicens,
1493 982 1584 1045 ¹enm
1611 959 1810 1056 peremisse
1840 965 2041 1076 proprium

468 1061 631 1130 fratrem.
680 1055 779 1126 Nar'n
802 1067 837 1123 et
862 1051 902 1123 in
914 1047 1013 1122 libro
1031 1051 1095 1148 qui
1116 1049 1367 1148 leprogenesis
1386 1056 1443 1149 *ἢ
1471 1052 1686 1152 appellatur,
1712 1055 1764 1126 ita
1785 1055 1934 1152 legitur,
1955 1059 2046 1154 quin

469 1156 562 1228 Cain
587 1152 710 1254 lapide
733 1164 796 1222 aut
816 1149 918 1248 ligno
945 1149 1167 1250 percusserit
1190 1147 1304 1237 Abel,
1331 1149 1430 1220 unde
1456 1152 1715 1248 deputandum¹
1739 1179 1817 1224 non
1845 1167 1918 1244 est,
1951 1180 2046 1250 per·
2134 1143 2140 1156 ’

467 1253 637 1326 cussione
663 1250 735 1340 dici
757 1248 995 1321 solummodo
1018 1245 1098 1318 fieri
1124 1247 1278 1338 uulnus,
1304 1249 1369 1320 sed
1395 1245 1564 1322 absolute
1586 1277 1736 1324 omnem
1758 1251 1927 1348 plagam,
1949 1271 2044 1350 quae

466 1350 728 1424 lacerationem
745 1347 842 1425 ,facit
864 1346 904 1418 in
925 1371 1093 1445 corpore.
1281 1354 1287 1360 '

578 1531 624 1601 V.
640 1541 697 1610 13.
725 1540 783 1609 14.
834 1523 984 1618 f‘Nolite
1000 1523 1140 1614 mirari,
1165 1523 1309 1613 fratres,
1335 1525 1366 1596 si
1387 1525 1467 1596 odit
1484 1552 1552 1600 vos
1574 1523 1747 1597 mundus.
1798 1525 2048 1618 Nosscimus,

470 1629 649 1732 quoniam
673 1625 910 1701 transivimus
932 1625 978 1695 de
998 1635 1118 1696 morte
1145 1620 1193 1692 ad
1219 1622 1353 1714 vitam,
1379 1625 1466 1721 quia
1488 1624 1674 1724 diligimus
1700 1625 1866 1696 fratres?

588 1769 677 1838 Non
710 1778 765 1836 est
799 1759 1034 1852 mirandum,
1073 1759 1104 1832 si
1137 1760 1243 1856 pravi
1276 1755 1468 1850 homines,
1487 1761 1572 1859 ·qui
1603 1761 1844 1834 nominantur
1869 1758 2047 1848 mundus,
2076 1745 2080 1752 ’

472 1865 561 1938 odio
586 1859 726 1934 babent
746 1887 830 1950 eos,
857 1861 921 1956 qui
949 1856 1154 1930 secundum
1178 1856 1366 1935 Christum
1389 1859 1449 1956 pie
1475 1853 1614 1935 vivunt.
1673 1861 1781 1932 Tunc
1802 1859 1901 1942 enim
1926 1858 2043 1953 magis

472 1977 567 2038 esset
588 1960 774 2050 mirabile,
801 1959 833 2030 si
860 1955 1052 2052 diligerent
1078 1981 1152 2028 eos.
1205 1957 1441 2054 Quapropter
1470 1957 1561 2030 etei
1579 1957 1657 2035 snos
1676 1957 1755 2031 odit
1772 1960 1955 2046 mundus,
1978 1957 2046 2024 Io-

473 2087 588 2136 annes
615 2059 755 2156 inquit,
780 2068 1046 2130 'verumtamen
1079 2050 1397 2149 disciplinabiliter
1422 2056 1616 2145 novimus,
1657 2055 1759 2154 quod
1796 2052 2044 2152 relinquentes

472 2172 651 2244 mortem,
677 2157 716 2226 in
741 2155 814 2228 rita
838 2177 989 2238 sumus,
1014 2152 1215 2224 fraternam
1243 2147 1459 2222 charitatem
1475 2149 1653 2226 babentes
1677 2155 1716 2224 in
1734 2168 1893 2252 pectore.
1933 2154 2045 2224 Mor-

473 2273 550 2330 tem
575 2269 611 2328 et
633 2255 745 2329 vitam
765 2253 814 2323 in¹
831 2247 909 2340 his,
934 2274 1014 2320 non
1039 2245 1122 2338 illa,
1200 2275 1242 2321 ae
1267 2249 1514 2320 communiter
1539 2248 1734 2342 dicuntur,
1763 2251 1951 2350 percipere
1975 2248 2044 2320 de-

420 2435 422 2440 ,
475 2353 626 2448 bemus,
653 2350 790 2451 quibus
815 2350 924 2421 dnm
949 2345 1166 2418 irrationab'
1184 2347 1217 2416 ia
1243 2342 1417 2418 animalia
1444 2343 1824 2440 participantur-‚sed
1847 2349 1957 2422 eitam
1980 2373 2049 2417 ae·-

474 2469 639 2543 ternam,
673 2475 768 2548 quae
799 2473 842 2518 ex
872 2439 946 2516 lide
979 2441 1173 2517 salvatoris
1207 2455 1243 2510 et
1272 2440 1404 2514 virtute
1441 2454 1656 2537 generatur,
1691 2455 1727 2514 et
1757 2439 1982 2516 contrariam
2012 2445 2047 2515 ei

475 2564 655 2639 mortem,
692 2559 907 2644 sequentem
927 2567 1030 2612 mox
1045 2551 1312 2636 ‘peccatorem,
1351 2531 1550 2634 quonium,
1584 2542 1651 2654 qui
1676 2540 1724 2624 ¹in
1747 2535 1818 2611 bac
1837 2551 1957 2613 morte
1979 2555 2046 2631 est,

475 2657 555 2724 non
580 2647 693 2720 babet
717 2642 788 2716 Dei
810 2639 1051 2726 memoriam,
1077 2638 1165 2734 quia
1188 2661 1259 2706 neo
1277 2636 1438 2732 respexit
1459 2635 1725 2734 intelligrbilem
1751 2636 1880 2710 lucem.
1920 2641 2046 2712 ·“Non

475 2765 531 2822 est
552 2747 697 2829 enim2’,
724 2741 864 2836 inquit,
891 2737 957 2806 “in
981 2747 1122 2822 morte,
1149 2733 1215 2831 qui
1237 2759 1382 2806 memor
1401 2735 1450 2805 sit
1473 2735 1568 2805 tuit’:
1593 2737 1814 2808 etiterum:
1847 2735 2047 2809 “illumina

476 2844 608 2919 oculos
637 2851 761 2929 meos,
794 2863 841 2908 ne
876 2857 1043 2930 upquam
1078 2830 1315 2904 obdormiam
1350 2831 1391 2902 in
1417 2843 1571 2904 morte.''
1625 2833 1903 2905 Discedeudum
1928 2833 1976 2905 ab
2003 2861 2047 2907 ea

478 2942 648 3038 estjam,
674 2963 752 3010 non
780 2931 991 3032 peccando,
1018 2955 1087 3001 nec
1110 2929 1338 3004 oblivionem
1360 2927 1536 3002 habendo
1560 2932 1651 3022 Dei,
1674 2947 1719 3004 ut
1743 2946 1971 3003 transeamus
1997 2931 2047 3005 ad

476 3046 610 3129 vitam,
645 3061 740 3135 quae
771 3031 884 3106 morti
914 3029 1059 3104 videtur
1086 3054 1164 3102 esse
1190 3027 1387 3106 contraria.
1454 3031 1553 3102 Nam
1583 3055 1678 3130 quae
1717 3029 1866 3107 deducit
1894 3053 1964 3104 nos
1996 3029 2045 3102 ad

477 3139 692 3214 charitatem
713 3136 889 3243 fratrum,
916 3125 1105 3230 sequenda
1129 3140 1193 3200 est.
1266 3223 1272 3232 Ι

585 3319 632 3389 V.
660 3325 717 3397 14.
769 3307 972 3402 “Qui-non
1002 3303 1138 3402 diligit,
1162 3304 1417 3403 permanetin
1443 3316 1599 3378 morte.’'

587 3439 777 3530 Quoniam
801 3434 868 3533 qui
894 3429 1013 3530 diligit
1036 3435 1188 3522 tratres,
1222 3431 1426 3506 secundum
1446 3429 1590 3525 Deum,
1628 3429 1678 3504 ad
1703 3431 1817 3508 vitam
1851 3455 1895 3504 ex
1925 3448 2044 3510 morte

475 3539 626 3616 transit:
655 3535 720 3636 qui
741 3527 956 3606 nonhabet
980 3527 1077 3602 bano
1099 3527 1332 3621 charitatem,
1367 3545 1560 3631 permanet
1582 3530 1622 3603 in
1649 3544 1779 3604 morte.
1840 3531 1942 3604 Sicut
1970 3546 2047 3604 erat

474 3652 624 3714 mortua
656 3634 792 3723 vidue,
831 3652 926 3728 quae
958 3627 1000 3704 in
1036 3627 1178 3701 deliciis
1213 3626 1370 3744 degebat
1404 3633 1442 3728 (1
1467 3631 1564 3702 Tim.
1591 3632 1645 3718 V,
1672 3630 1730 3726 6),
1767 3628 2049 3710 liceteommu-

470 3767 562 3814 nem
585 3731 739 3808 haberet
764 3730 887 3804 vitam.
939 3725 1014 3818 Qui
1037 3727 1137 3804 enim
1153 3727 1211 3800 sic
1243 3727 1352 3818 vivit,
1377 3729 1585 3800 necessario
1615 3728 1693 3823 ***)
1726 3718 1844 3798 abibit
1866 3727 2049 3798 memoria

474 3837 555 3910 Dei.
607 3835 675 3907 His
711 3833 763 3903 ita
791 3825 1051 3918 manifestatis,
1090 3826 1122 3899 si
1139 3826 1237 3925 'q'uis
1267 3851 1346 3898 non
1377 3822 1490 3896 babet
1515 3825 1693 3922 figuram,
1736 3849 1810 3920 qua
1836 3819 2049 3896 charitatem

476 3935 645 4034 designat
665 3929 808 4018 fratris,
844 3925 884 3998 in
908 3937 1027 3996 morte
1059 3939 1132 4017 est,
1171 3926 1265 3998 sicut
1294 3922 1486 4000 ediverso
1512 3920 1645 4023 procul
1673 3918 1794 4015 abest,
1833 3921 1898 4019 qui
1928 3921 2051 4000 virtu..

479 4081 917 4106 Μ

536 4161 567 4244 *)
589 4161 709 4226 Omisit
730 4159 773 4221 G.
792 4169 890 4221 recte.

516 4267 562 4345 **)
586 4257 840 4326 Rosci-ibendum
873 4267 922 4319 est
949 4251 1185 4338 leptogenesis.
1239 4253 1291 4316 De
1306 4272 1382 4336 .quo
1400 4252 1484 4320 libro
1511 4254 1721 4340 apocrypho,
1750 4255 1807 4339 qui
1829 4256 1922 4318 mum
1944 4226 2052 4332 λεπτῆ

589 4346 733 4432 γένεσις,
759 4334 802 4408 rel
821 4333 927 4406 λεπτοὶ
948 4337 1110 4422 γενέσεως,
1137 4338 1362 4422 μικρογένεσις
1387 4349 1540 4410 vocatur,
1567 4340 1593 4402 si
1615 4339 1684 4422 quis
1706 4339 1800 4423 plura
1827 4337 1908 4399 scire
1936 4333 2051 4417 cupiat,

587 4429 718 4492 evolvat
738 4425 764 4487 1.
788 4421 832 4484 A.
853 4419 990 4482 Fabricii
1011 4417 1138 4483 Codicis
1159 4419 1428 4508 pseudepigraphi
1448 4419 1493 4489 V.
1511 4419 1552 4487 Τ.
1574 4419 1653 4504 Vol.
1675 4435 1705 4495 1.
1731 4441 1764 4508 p.
1783 4419 1952 4492 851-864.

478 4529 526 4566 ***
548 4532 562 4610 )
583 4527 706 4594 Deesse
730 4522 859 4589 videtur
879 4520 922 4585 ei.
