4608 5460
1030 441 1124 476 π·
1161 360 1238 516 ἰι
1274 323 1395 462 ’--’

282 681 285 690 ,
323 623 327 631 “
407 634 517 696 mur,
537 605 601 694 sed
627 608 737 676 etiam
760 579 1006 698 collaudamus
1032 631 1138 697 oum,
1153 609 1234 712 qui
1258 609 1481 686 ordimem
1492 612 1630 704 appetit
1652 608 1908 707 principatum.
1959 613 2000 684 Si

407 735 495 784 vcro
522 709 750 815 pontianum
780 707 818 776 hi
851 712 1044 826 quicquam
1074 699 1223 804 gerant,
1259 733 1337 786 nou
1366 733 1576 784 accusemus
1607 711 1750 800 Deum,
1773 714 1848 782 sed
1878 715 2006 808 potius
2071 765 2073 773 ι

406 788 717 984 loduganintitatern
750 809 833 912 ejus
851 811 947 922 circa
971 835 1056 922 eoa,
1097 813 1194 892 siout
1221 813 1339 888 circa
1349 813 1438 884 alios
1463 811 1647 901 homiues,
1684 815 1750 908 qui
1777 813 2002 922 delinquunt,
2077 841 2084 886 ς
2134 776 2173 843 ⁸·

410 941 431 996 ιι
461 933 633 982 miremur
1529 944 1533 954 ·
2009 939 2011 947 ⁴

528 1065 752 1147 V.16.17
814 1065 917 1134 “Sed
950 1067 1042 1135 sicut
1072 1063 1169 1140 servi
1198 1055 1329 1164 Dei,
1339 1089 1464 1138 ornnes
1467 1052 1696 1194 honorate,
1739 1064 2004 1188 fraternitatem

412 1171 568 1264 diligite,
592 1167 715 1238 Deum
740 1167 886 1254 timete,
910 1187 1033 1258 regem
1060 1153 1329 1238 honorificate²²
2002 1193 2007 1206 ·

517 1271 624 1340 Cum
649 1266 854 1336 differentia
878 1268 923 1335 sit
947 1265 1106 1338 filiorum
1128 1267 1200 1336 Dei
1226 1279 1333 1364 atque
1359 1291 1549 1341 serrorum
1563 1270 1677 1362 ejus,
1711 1269 1821 1340 servis
1844 1267 2004 1362 jubetur,

391 1386 469 1444 ¹ut
479 1370 653 1458 timeant,
678 1370 772 1436 sieut
798 1377 834 1435 et
854 1369 931 1485 lpse
959 1365 1059 1438 Deus
1080 1366 1191 1438 dicit:
1217 1372 1292 1438 “ιι
1306 1369 1484 1438 Dominus
1507 1393 1573 1464 ego
1597 1393 1696 1486 sum,
1730 1352 1795 1438 ubi
1819 1381 1873 1438 est
1893 1373 2004 1439 timor

364 1485 367 1494 '
398 1468 570 1543 ,meustr'
625 1467 891 1562 Nequaquam
898 1469 1089 1556 timorem,
1122 1469 1189 1539 sed
1226 1471 1413 1563 gloriam
1412 1493 1433 1538 a
1467 1469 1548 1539 liliis
1579 1472 1659 1539 exio
1639 1491 1745 1563 t‚ens,
1775 1454 1873 1538 cum'
1901 1471 2004 1539 dicit.

317 1567 320 1574 ’
369 1651 372 1666 ⁴
412 1579 482 1647 “et
506 1575 538 1643 si
562 1575 667 1668 pater
692 1591 759 1660 ego
782 1589 874 1655 suin,
894 1567 957 1637 ubi
984 1580 1039 1638 est
1062 1571 1178 1664 gloria
1202 1567 1329 1640 mea?²²
1390 1559 1504 1640 Filius
1531 1571 1629 1640 enirn
1652 1569 1833 1688 glorificat
1851 1547 2013 1663 patrem,

415 1687 452 1745 et
471 1697 596 1746 servus
621 1673 724 1739 timet
744 1669 932 1738 dominum
956 1693 1082 1760 suurn,
1119 1673 1211 1740 sicut
1233 1671 1411 1766 propheta
1434 1671 1529 1740 dicit
1579 1670 1677 1760 Quia
1703 1669 1827 1763 igitur
1840 1671 2007 1740 scribens

414 1777 505 1846 haec
531 1771 693 1850 ιιοιιιιιιιιι
728 1768 823 1836 filios
849 1769 982 1856 factos,
1021 1773 1083 1840 sod
1104 1786 1226 1844 servos
1250 1771 1368 1859 adhuc
1394 1774 1517 1868 nouit,
1543 1772 1673 1893 quibus
1697 1771 1919 1862 scribens*)''··
1938 1773 2005 1841 ait:

415 1867 541 1946 “sieut
565 1873 660 1942 semi
678 1870 756 1938 Dei
780 1869 901 1938 Deum
926 1871 1116 1940 timete²³
1139 1851 1372 1966 Consequens
1398 1883 1468 1941 est
1475 1871 1594 1959 enim,
1610 1879 1669 1940 ut
1694 1887 1761 1965 per
1783 1869 1877 1940 haec
1896 1875 2008 1943 verba
2073 1899 2076 1910 ’

416 1973 744 2068 disciplinabiliter,
781 1981 840 2043 et
843 1971 934 2054 sicot
960 1973 1139 2064 oportuit,
1177 1995 1325 2062 omnes,
1359 1974 1482 2067 quiin
1507 1924 1727 2042 sublimitate
1753 1983 1853 2060 sunt,
1884 1959 2007 2043 liono-

416 2085 546 2146 rentur
556 2125 568 2160 ,
611 2084 648 2161 et
683 2071 878 2184 diligantur
915 2083 1016 2139 recta
1035 2071 1231 2152 voluntate
1278 2072 1521 2142 fraternitatis.
1572 2071 1751 2147 Omnium
1797 2065 1913 2163 enini,
1941 2071 2009 2166 qui

416 2173 646 2262 laudabiliter
671 2173 803 2264 agunt,
824 2169 940 2242 Deus
967 2172 1077 2241 timor
1099 2183 1135 2242 et
1161 2173 1437 2242 fundamentum
1462 2184 1517 2242 est
1533 2173 1601 2265 ²²*).
1651 2171 1701 2244 Et
1724 2172 1847 2286 Deum
1872 2177 2013 2265 timete,

418 2287 670 2350 verumtamen
705 2271 775 2341 ho'c
796 2271 987 2366 principali
1009 2263 1137 2343 o'rdine
1163 2275 1452 2355 conservandum
1478 2286 1541 2343 est.
2032 2274 2040 2286 ¹

531 2425 578 2498 V.
603 2435 691 2506 1&
712 2424 864 2512 “Servi,
911 2421 1093 2494 obedite
1090 2449 1175 2498 cum
1220 2427 1321 2498 omni
1361 2427 1506 2496 timore
1535 2428 1691 2499 dominis
1727 2406 1905 2520 vestria²,²
1943 2444 2008 2502 etc

417 2531 501 2602 Non
534 2526 739 2623 passibilem
767 2525 938 2606 timorem
968 2548 1093 2597 servos
1134 2524 1291 2617 habere,
1332 2529 1528 2622 praecipit,
1566 2528 1664 2622 apud
1708 2481 1905 2646 Dominam
1949 2529 2014 2600 hic'

314 2693 317 2700 .
418 2623 515 2704 enim
540 2625 824 2700 irrationabilis
835 2637 873 2694 et
892 2625 937 2695 ad
962 2625 1224 2726 irrationabilia
1247 2630 1475 2699 constitutus
1485 2639 1559 2718 estJ
1593 2629 1659 2703 sed
1690 2651 1792 2724 eum,
1829 2631 1907 2722 qui
1922 2654 2010 2700 cum

419 2729 606 2824 disciplina
643 2737 680 2798 et
700 2727 813 2794 recta
842 2723 985 2798 ratione
1019 2718 1208 2814 consistit,
1240 2730 1345 2822 cujus
1368 2725 1558 2827 proprium
1592 2739 1644 2800 est
1673 2732 1881 2804 reverentia.
1931 2729 2015 2818 Qui.

316 2900 318 2907 ,
421 2834 520 2904 enim
548 2838 701 2924 propter
726 2825 910 2896 Christum
938 2837 974 2896 et
1000 2781 1218 2930 doctrinani
1232 2828 1325 2925 e'J'us
1337 2815 1459 2898 De‘um
1483 2831 1611 2920 timet,
1639 2853 1723 2902 cum
1748 2829 1949 2902 reverentia
1974 2833 2008 2900 ei
2052 2889 2055 2897 .

421 2928 623 3026 subjectus
631 2937 704 3020 est,
736 2947 820 3014 qm
852 2927 930 3015 ille,
967 2929 1029 3020 qui
1058 2925 1129 3020 per
1162 2917 1325 3003 ‘verbera
1349 2928 1491 3024 alioque
1521 2881 1705 3001 tormenta
1740 2932 1845 3000 timet
1856 2929 2019 3019 Deum,
2053 2945 2056 2948 ·

329 3117 331 3121 ,
419 3029 627 3130 passibilem
649 3029 820 3100 timorem
844 3017 990 3102 habere
1016 3029 1123 3101 videt.
1174 3029 1256 3099 Hac
1278 3028 1539 3124 signifimtionc
1564 3042 1601 3101 et
1626 3031 1683 3100 bic
1706 3041 1791 3126 post
1811 3031 1881 3100 alia
1904 3033 2018 3110 vertit,

421 3153 460 3204 se
487 3133 533 3202 ad
558 3129 754 3217 foeminas,
792 3128 930 3200 dicens:
957 3109 1259 3200 “considerantes
1284 3141 1443 3202 vestram
1477 3133 1515 3200 in
1540 3133 1672 3203 timore
1695 3139 1828 3200 castam
1854 3153 2013 3202 conver-

420 3229 631 3334 sationem&
683 3229 731 3302 Et
756 3223 971 3328 frequenter
992 3216 1172 3332 scriptura
1195 3231 1285 3300 haec
1308 3231 1355 3302 dc
1389 3233 1519 3302 timore
1541 3233 1604 3338 tali
1625 3217 1733 3301 niodo
1766 3230 2011 3324 perloquitur:

533 3383 581 3454 V
608 3395 668 3466 23.
719 3381 932 3474 “Quicum
967 3381 1266 3467 malediceretur,
1299 3405 1374 3456 non
1407 3363 1661 3507 maledicebat,
1698 3406 1782 3454 eum
1811 3376 2019 3492 pateretur3²
2115 3385 2126 3404 ‘

420 3510 494 3560 non
520 3481 843 3555 comminabatur²’.
2015 3505 2019 3514 .

480 3611 750 3686 Praesentes
773 3611 941 3704 equidem
966 3612 1097 3688 laudes
1112 3615 1190 3706 ejus
1216 3625 1320 3705 sunt,
1357 3615 1421 3708 qui
1445 3582 1708 3699 voluntariam,
1740 3621 1799 3681 et
1811 3633 1885 3681 non
1921 3609 2016 3680 sub-⁴

420 3649 623 3792 stantialem
650 3712 761 3782 habet
784 3711 1063 3808 benignitatem,
1101 3727 1168 3813 per
1190 3739 1305 3828 quae
1307 3718 1428 3815 verba
1441 3741 1509 3791 uos
1534 3715 1662 3785 invitat
1687 3711 1734 3782 ad
1755 3713 1899 3784 laudem
1921 3713 2011 3803 ejus,

264 3892 268 3900 ,
385 3894 389 3903 ,
423 3820 484 3912 qui
508 3805 690 3886 naturam
716 3808 792 3884 aion
822 3811 948 3888 habuit
971 3817 1018 3886 n'd
1038 3818 1298 3912 peccandum,
1302 3803 1411 3912 quasi
1419 3795 1669 3887 substantiale
1694 3814 1739 3881 ιιι
1764 3814 1843 3905 ejus
1865 3804 2017 3882 ιιοιιιιιιι’

421 3917 529 3994 Unde
554 3917 741 3986 hominem
765 3915 888 3985 Jesum
913 3917 1054 4004 laudat,
1087 3920 1148 4016 qui
1165 3930 1364 4036 peceatum
1389 3941 1465 3988 non
1490 3915 1595 4002 lecit,
1626 3937 1692 3982 nec
1716 3911 1820 3982 dolus
1843 3907 2018 3988 inventus

418 4013 543 4089 estin
579 4041 668 4086 ore
681 4015 780 4108 eJ'bs,
796 4027 856 4084 et
889 4028 1068 4110 expertus
1097 4018 1242 4128 omnies,
1277 4019 1477 4088 secundum
1520 3966 1791 4087 similitudinem
1837 4009 2013 4098 nostram,

419 4127 566 4215 praeter
588 4129 790 4212 peccatum.
840 4119 1078 4236 Quapropter
1095 4129 1139 4187 et
1160 4117 1364 4212 praesentia
1387 4119 1456 4188 de
1465 4141 1510 4216 eo
1538 4125 1630 4185 sunt
1662 4113 1915 4208 percipienda,
1950 4115 2013 4206 qui

393 4220 507 4292 abbi
540 4219 657 4289 dicit:
691 4221 713 4259 ‘²
724 4221 895 4317 quaeritis
926 4241 987 4289 me
1021 4220 1206 4348 occidere,
1252 4222 1315 4320 qui
1350 4207 1546 4346 ¹ueritatem
1581 4215 1712 4362 loquor
1745 4211 1886 4289 uolais’.²
1937 4211 2012 4312 Qui
2065 4231 2092 4280 ¹.

427 4363 872 4394 m-

486 4456 518 4538 ²)
540 4455 708 4520 Fortasse:
737 4451 862 4541 quibus
884 4415 1023 4525 scribit,
1044 4450 1110 4514 ait.

463 4540 514 4622 **)
535 4540 640 4605 Locus
664 4540 748 4602 mala
769 4561 883 4631 aerius,
917 4539 969 4598 coi
991 4494 1149 4634 medelam
1171 4531 1391 4632 egoquidenr·
1383 4531 1543 4602 nescio.

409 4661 413 4670 v
451 4627 515 4707 *²²²2
536 4623 724 4710 Lagentium
743 4637 809 4690 est:
842 4621 998 4691 viderer
1051 4673 1055 4682 .
1168 4637 1171 4646 ·
1327 4641 1333 4654 ’
