4608 5460
891 327 976 444 -’-
1025 389 1232 492 21—-
1285 403 1320 530 j

275 587 446 676 defreda
463 579 675 680 ιὸῧοιβόλου,
699 579 818 664 attat
843 579 952 680 μόνον
976 590 1046 665 τοῦ
1083 584 1205 655 nitens
1227 551 1337 656 fuerit
1363 595 1448 680 post
1473 597 1639 680 peccata,
1673 553 1851 677 jamnon

276 685 545 790 ἑνιργῆσαντος
567 690 604 780 *)
630 681 751 780 adesir
769 686 829 777 **)
853 683 923 765 ἔτι.
994 751 998 758 ,
1085 681 1133 754 sit
1152 706 1208 784 ‚ex
1239 682 1414 772 diabole,
1453 685 1519 756 sed
1552 681 1612 754 ille
1646 686 1692 756 sit
1727 709 1769 754 ex
1793 709 1850 775 e0,

1036 865 1041 882 ,
1086 780 1152 877 qui
1175 795 1351 880 operatur
1377 781 1424 852 ad
1450 795 1653 879 peccatum.

280 913 320 984 Si
355 911 452 982 enim
486 911 595 981 etiam
622 909 769 1008 peccati
803 931 929 980 servus
960 917 1035 994 est,
1070 905 1135 1002 qui
1168 906 1257 976 facit
1282 919 1493 1004 peccatum,
1526 931 1605 978 non
1632 906 1761 996 etiam,
1788 906 1852 1004 qui

277 1011 381 1080 'l'rcitr
428 1009 560 1080 Omnis
584 1009 703 1097 enim,
724 1007 788 1122 qui
812 1005 901 1077 facit
926 1017 1137 1102 peccatum,
1175 1009 1303 1076 servus
1325 1017 1381 1075 est
1399 1005 1549 1101 peccati.
1613 1008 1851 1102 Quapropter
1929 1007 1931 1010 ’

276 1107 494 1204 increpandi
512 1117 597 1177 sunt
613 1104 806 1194 baeretici,
832 1103 1015 1190 dicentes,
1039 1127 1122 1192 eos,
1148 1103 1213 1201 qui
1234 1115 1406 1201 peccant,
1432 1101 1645 1174 naturaliter
1666 1101 1785 1175 malos
1810 1129 1852 1174 ex

255 1203 434 1285 diabolo
467 1225 581 1294 esse,
603 1216 639 1274 et
663 1203 741 1298 ***)
779 1198 1064 1274 substantialiter
1096 1226 1174 1273 esse
1206 1199 1358 1273 malum.
1426 1198 1608 1272 Diabolus
1644 1203 1741 1272 enim
1772 1226 1852 1274 non

280 1300 589 1393 substantialiter,
614 1305 678 1372 sed
703 1297 933 1374 voluntariae
961 1299 1188 1396 operationis
1213 1300 1392 1372 indicium
1420 1312 1482 1370 est.
1541 1299 1668 1370 Posita
1697 1313 1754 1371 est
1782 1325 1854 1372 au-

277 1413 356 1490 tem
383 1415 418 1471 et
446 1425 575 1490 causa,
600 1412 755 1496 propter
779 1423 893 1496 quam
917 1423 960 1469 ex
986 1423 1032 1468 eo
1058 1411 1144 1470 sunt
1167 1411 1401 1496 peccatores,
1436 1396 1566 1498 palam
1584 1397 1743 1496 faciens,
1774 1423 1854 1470 non

282 1496 526 1571 substantiam
553 1496 651 1591 ejus,
678 1495 742 1570 sed
764 1495 1029 1594 operationem.
1060 1497 1237 1568 'Peccare
1263 1523 1426 1595 namque
1447 1497 1613 1594 operatio
1638 1510 1703 1584 est,
1729 1494 1852 1567 nullus

281 1609 405 1668 autem
431 1595 645 1669 naturaliter
666 1592 740 1665 hoc
766 1619 890 1691 agens.
944 1595 1061 1692 Igitur
1077 1619 1229 1691 peccare
1248 1594 1500 1670 voluntarium
1527 1608 1590 1666 est.
1642 1594 1852 1666 Destruitur

281 1707 403 1766 autem
438 1693 590 1766 scientio
614 1690 809 1787 ejusmodi
840 1691 1037 1773 hominum
1071 1693 1180 1766 etiam
1214 1719 1258 1765 ex
1288 1691 1365 1784 his,
1383 1775 1387 1784 ‚
1402 1719 1497 1790 quae
1522 1706 1739 1791 sequuntur.
1790 1693 1855 1764 Ait

273 1792 397 1866 enim:
427 1791 491 1864 “in
514 1789 587 1862 hoe
609 1791 784 1888 apparuit
807 1789 904 1864 filius
928 1792 1019 1882 Dei,
1044 1803 1087 1862 ut
1102 1790 1223 1866 solvat
1244 1817 1357 1889 opera
1370 1790 1549 1882 ‚diabolis
1601 1793 1726 1888 Opera
1741 1815 1852 1861 nam-

279 1913 353 1984 que
372 1886 528 1962 'diaboli
563 1901 649 1962 sunt
681 1904 744 1980 e‘a,
776 1915 871 1988 quae
897 1901 1044 1964 satanae
1075 1888 1264 1963 voluntate
1301 1890 1554 1987 perficiuntur.
1616 1891 1854 1987 Quapropter

279 1985 390 2056 etiam
411 1982 502 2056 baec
525 1983 741 2076 solvuntur,
766 1988 857 2058 dum
879 1988 910 2059 si
933 2000 1054 2060 essent
1075 1985 1383 2078 substantialiter,
1408 1986 1503 2059 solvi
1520 2013 1599 2060 non
1619 2000 1789 2085 possent,
1817 1999 1853 2057 ct

279 2085 440 2154 maxime
466 2109 550 2154 cum
575 2083 653 2180 ipsi·
680 2083 822 2176 dicant,
861 2083 951 2156 mali
976 2097 1146 2166 naturam
1181 2084 1393 2182 ingenitam.
1459 2085 1534 2158 Sed
1560 2085 1605 2182 †)
1641 2098 1765 2157 autem
1791 2084 1853 2154 in-

282 2182 424 2275 genita,
451 2195 486 2252 et
512 2180 591 2253 sine
615 2181 822 2278 perditione
843 2197 908 2256 est.
958 2185 1059 2256 Dum
1080 2208 1169 2256 vero
1197 2182 1388 2257 solvantur
1414 2209 1528 2282 opera
1554 2180 1714 2275 diaboli,
1741 2179 1852 2280 igitur

233 2287 238 2292 ’
282 2275 493 2352 voluntaria
518 2291 606 2350 sunt
629 2276 746 2367 baec,
773 2283 857 2352 non‘
878 2280 1008 2377 utique
1031 2279 1293 2368 incoluntaria.
1351 2282 1465 2376 Quod
1487 2295 1607 2354 autem
1634 2281 1701 2374 ait,
1729 2305 1854 2378 appa-

279 2375 399 2444 ruisse
420 2374 538 2446 filium
552 2376 706 2470 Deiper
722 2375 1034 2465 incarnationem,
1060 2375 1134 2448 hoc
1146 2381 1287 2455 sactum
1299 2405 1378 2454 esse
1393 2379 1592 2456 dicendum
1606 2395 1681 2476 est,
1699 2379 1852 2481 quando

278 2473 319 2544 in
342 2483 454 2546 carne
477 2470 667 2570 apparuit,
692 2473 731 2544 et'
750 2471 792 2544 in
812 2495 855 2544 ea
877 2473 1132 2548 manifestatus
1148 2475 1223 2549 'est

382 2623 439 2694 ·V.
465 2637 499 2713 9.
528 2635 587 2702 10.
638 2597 816 2712 “Omnis,
843 2621 907 2718 qui
932 2635 1042 2696 natus
1067 2638 1123 2697 est
1138 2643 1182 2696 ex
1192 2627 1301 2719 Deo,
1325 2644 1518 2728 peccatum
1536 2656 1616 2703 non
1636 2629 1743 2722 sacit,
1767 2630 1853 2728 quia

280 2733 449 2794 sanctum
474 2721 552 2818 ††)
578 2715 657 2814 ejus
681 2732 807 2792 manet
827 2719 867 2792 in
894 2745 956 2813 eo,
982 2737 1019 2794 et
1044 2749 1122 2796 non
1153 2737 1277 2838 potest
1302 2754 1473 2826 peceare,
1501 2730 1679 2828 quoniam
1704 2730 1853 2804 ex·Deo

283 2833 392 2891 natus
417 2831 482 2891 est.
532 2819 577 2888 In
599 2815 674 2888 hoc
699 2818 982 2892 manifestantur
1004 2819 1070 2894 filii
1086 2824 1167 2893 ·De1
1194 2835 1229 2894 et
1247 2822 1314 2898 filii
1340 2825 1516 2901 diaboli.”

394 2943 596 3034 Haeretici,
623 2944 687 3041 qui
709 2970 775 3042 per
800 2947 927 3020 omnia
953 2946 1130 3020 falluntur
1152 2949 1191 3022 in
1212 2950 1408 3045 omnibus,
1436 2955 1545 3027 etiam
1569 2975 1637 3054 per
1655 2953 1755 3026 bunc
1773 2973 1854 3025 ser-'-

281 3057 436 3115 monem
458 3045 589 3114 volunt
613 3041 792 3139 derogare
818 3043 1020 3137 divinitati,
1046 3045 1230 3141 dicentes,
1256 3049 1504 3144 natiuitatem,
1540 3079 1634 3151 quae
1657 3079 1700 3124 ex
1723 3051 1854 3124 mundi

284 3152 449 3211 creatore
475 3137 536 3228 fit,
560 3141 800 3238 peccatricem
826 3166 922 3234 esse,
959 3145 1049 3216 dum
1078 3170 1120 3216 ea
1143 3148 1335 3240 nativitas,
1374 3175 1469 3247 quae
1493 3176 1539 3224 ex
1563 3153 1646 3223 Deo
1680 3151 1771 3226 novi
1795 3162 1855 3220 te·

285 3236 475 3326 stamenti,
500 3263 580 3308 non
604 3240 722 3336 possit
746 3237 820 3312 hoc
843 3267 968 3340 agere:
1005 3256 1058 3336 et,
1092 3243 1191 3324 sicut.
1211 3259 1345 3344 putant
1368 3249 1458 3346 ipsi,
1492 3251 1624 3324 veteris
1649 3247 1856 3322 testamenti

287 3333 400 3407 verba
426 3333 670 3428 concludunt,
695 3335 763 3409 ubi
787 3339 964 3438 scriptum
988 3353 1057 3414 est:
1096 3342 1218 3418 “lilios
1245 3347 1356 3442 genui
1387 3360 1422 3418 et
1453 3347 1625 3441 exaltavi,
1663 3349 1735 3445 ipsi
1765 3372 1854 3418 vero

281 3459 343 3505 me
368 3449 584 3531 spreverunt
594 3445 627 3526 ;'’
655 3449 692 3507 et
709 3433 824 3509 illud:
850 3439 1011 3533 “Deum,
1037 3441 1246 3539 qui.genuit
1267 3457 1304 3516 te
1321 3445 1581 3545 dereliquisti.”
1634 3443 1779 3539 Quibus
1793 3446 1856 3516 in-

274 3531 409 3604 ¹serunt
426 3529 568 3623 verbis,
593 3532 774 3606 dicentes:
803 3535 852 3626 si,
879 3539 942 3635 qui
963 3553 1165 3612 nascuntur
1192 3569 1235 3614 ex
1262 3544 1393 3641 opifice
1418 3545 1569 3635 mundi,
1596 3559 1767 3644 peccant,
1793 3541 1855 3614 hic

286 3656 374 3702 vero
409 3629 561 3720 dicitur,
596 3632 766 3722 “omnis,
800 3635 866 3731 qui
900 3651 954 3708 est
990 3664 1033 3709 ex
1063 3641 1165 3730 Dea,
1199 3655 1390 3739 peccatum
1417 3670 1495 3717 non
1521 3643 1650 3735 tactu,
1680 3669 1764 3716 cum
1788 3639 1856 3712 filii

285 3725 492 3800 differentes
518 3728 611 3821 sint,
637 3729 789 3828 quando
818 3730 879 3804 alii
904 3735 1053 3832 quidem
1075 3753 1248 3833 peccant,
1286 3739 1349 3813 alii
1380 3767 1468 3814 rero
1494 3768 1748 3841 nequaquam3
1783 3763 1855 3810 ne-

284 3850 383 3898 cesse
408 3840 462 3899 est
484 3826 594 3943 etiam
606 3882 627 3932 ,ζ
641 3841 916 3928 patreseorum
938 3835 1103 3912 diversos
1127 3859 1215 3911 esse.
1267 3841 1367 3912 Haec
1385 3853 1508 3915 autem
1525 3843 1675 3941 sapiunt
1693 3839 1854 3928 indocte,

342 4095 373 4173 *)
393 4095 631 4180 Ενεργοῠντος.
652 4109 740 4162 recte
763 4095 843 4163 Cod.
865 4095 907 4162 D.
975 4183 983 4194 .

322 4203 371 4284 **)
394 4196 519 4289 αὐτὴν,
537 4225 657 4291 nempe
678 4201 859 4294 ἁμαρτίαν.

299 4315 364 4398 ?**)
384 4315 597 4380 Inserendum
615 4323 798 4403 putaverim
817 4319 1003 4386 diabolum.

341 4427 380 4508 ᾧ)
402 4423 606 4491 Gallandius:
625 4425 666 4491 si.
684 4425 793 4492 Recte.

321 4534 384 4617 Η·)
409 4537 496 4602 Bene
517 4527 722 4602 Gallandiusr
744 4559 866 4606 sentem
