4608 5460
1100 357 1453 462 ‚fflffl-

491 556 574 644 Dei,
599 569 636 626 et
658 552 835 653 operibus
858 578 945 628 eum
970 566 1089 651 negat
1141 554 1379 652 Quapropter
1392 549 1491 629 ,haec
1507 553 1690 633 confessio
1712 571 1871 656 oportet,
1894 575 1937 633 ut
1962 590 2061 644 con-

490 657 618 752 juncta
641 653 689 726 sit
710 653 818 726 rect-is
842 651 1081 749 dogmatibus
1111 649 1285 724 ethonis
1311 647 1498 751 operibus.
1549 651 1612 726 Sic
1638 653 1736 728 enim
1760 653 1916 754 quilibet
1939 660 2059 740 filium
2119 739 2123 746 ,

490 753 562 828 Dei
586 751 800 826 confitendo
826 754 968 840 Iesum,
999 752 1039 823 in
1065 751 1167 840 Deo,
1193 775 1260 848 per
1282 749 1577 848 participationis
1602 749 1680 846 ejus
1703 755 1858 835 modum
1882 759 2059 854 manebis,

489 869 532 928 ut
556 863 594 922 et
616 852 736 941 Deus,
763 874 840 946 quo
893 849 1118 948 articipatur‚
1144 849 1184 920 in
1204 873 1250 920 eo
1272 863 1497 946 permaneat.
1550 849 1647 944 Quia
1668 876 1757 926 vero
1779 855 2060 935 confunduntur

490 949 606 1047 aliqui
633 973 680 1020 ex
697 875 930 1024 Ιιιοῐιιίιιὶξιιι
961 949 1045 1020 lesu
1075 946 1231 1035 Christi,
1269 971 1349 1022 uon
1382 959 1653 1062 perscrutantes
1680 950 1900 1048 scripturas,
1941 955 1992 1037 ita
2020 972 2061 1031 ut

478 1051 529 1132 ..in
553 1047 756 1121 maximum
782 1044 949 1122 incidant
973 1045 1244 1122 detrimentum.
1296 1039 1477 1122 Arbitrati
1501 1070 1664 1142 namque
1690 1060 1797 1139 sunt,
1821 1074 1899 1124 non
1925 1051 2061 1128 distin-

483 1157 640 1244 guentes
672 1144 943 1242 scripturarum
974 1169 1145 1236 sensum,
1186 1142 1273 1240 quia
1304 1143 1410 1241 quod
1448 1168 1492 1219 ex
1523 1144 1646 1216 Maria
1673 1146 1879 1220 secundum
1908 1175 2058 1226 carnem

485 1243 688 1342 processit,
719 1257 756 1314 et
780 1239 902 1337 augeli
927 1266 1018 1322 voce
1040 1243 1152 1328 lesus¹
1170 1265 1310 1316 nomen
1335 1266 1420 1314 acce
1448 1241 1486 1334 it.
1536 1243 1630 1316 ltem
1656 1243 1759 1341 quod
1785 1245 1863 1342 ipse
1889 1260 1963 1338 est,
1994 1252 2059 1348 qui

485 1369 574 1418 curn
604 1342 645 1416 in
678 1344 801 1414 sorana
826 1341 898 1412 Dei
926 1351 1023 1417 esset
1051 1339 1261 1436 unigenitus
1293 1339 1363 1414 Dei
1389 1268 1509 1428 lidus,
1545 1364 1627 1414 non
1656 1341 1828 1456 rapinam
1861 1341 2057 1436 arbitratus

485 1456 560 1532 est,
595 1453 661 1512 etc.
688 1437 788 1512 idem
814 1462 912 1528 esse,
940 1438 1028 1512 ideo
1053 1436 1251 1512 dicendum
1279 1449 1354 1528 est,
1380 1438 1468 1535 quia
1487 1434 1572 1526 licet
1593 1463 1794 1542 praecipua
1815 1441 1938 1518 unitas
1963 1444 2059 1520 sacta

481 1540 531 1620 sit
554 1538 626 1610 Dei
654 1535 758 1611 verbi
783 1535 832 1607 ad
856 1534 1070 1625 hominem,
1102 1560 1214 1633 qtrem
1240 1536 1342 1610 Deus
1372 1534 1589 1631 assumpsit,
1622 1550 1877 1614 verumtamen
1903 1544 2059 1624 essentia
2174 1632 2178 1638 Ι

484 1633 589 1712 verbi
611 1659 690 1709 non
714 1636 837 1708 estin
861 1633 1051 1714 hominem
1078 1659 1267 1721 conversa.
1315 1634 1396 1722 Nec
1410 1657 1548 1721 ,rursus
1573 1629 1690 1706 homo
1716 1637 1834 1709 sactus
1857 1653 1929 1726 est,
1956 1641 2059 1737 quod

484 1749 539 1812 est
560 1734 630 1804 Dei
656 1731 833 1821 verbum,
866 1731 951 1808 licet
974 1734 1078 1805 Deus
1102 1732 1176 1822 sit,
1208 1733 1326 1806 factus
1358 1728 1407 1804 ab
1442 1757 1507 1822 eo,
1540 1743 1583 1802 ut
1611 1727 1764 1818 haheat,
1795 1735 1902 1808 sicuti
1932 1740 2059 1834 possi.

482 1831 558 1906 hile
581 1844 655 1918 est,
688 1833 888 1927 perlectam
913 1825 1280 1910 intransoendibileni
1305 1828 1489 1903 deitatem
1540 1831 1796 1929 Quapropter,
1828 1829 1912 1904 licet
1936 1835 2057 1908 unitas

483 1934 535 2022 ita
559 1931 607 2002 sit
631 1929 749 2015 sacta,
770 1941 896 2003 tamen
949 1927 1110 2002 raedicta
1134 1927 1300 2016 nomina,
1326 1922 1528 2022 aliqnando
1554 1925 1704 2023 quidem
1730 1954 1827 2020 eum,
1850 1930 1914 2026 qui
1939 1933 2057 2010 lactus

485 2042 539 2100 est
570 2054 614 2096 ex
646 2025 785 2113 semine
818 1953 948 2098 David
981 2021 1188 2100 secundum
1221 2047 1371 2100 carnem
1389 2023 1444 2118 *):
1480 2022 1680 2122 aliquando
1709 2050 1798 2102 vero
1826 2028 2060 2124 unigenitum

482 2126 554 2199 Dei
584 2123 721 2212 tilium,
755 2122 820 2220 qui
850 2135 904 2194 est
927 2123 1029 2197 Deus
1061 2116 1391 2199 substantiabiliter
1424 2135 1738 2220 repraesentatus,
1771 2124 1865 2196 sicut
1890 2128 2058 2225 exempla

482 2222 674 2321 proposita
707 2220 942 2318 patefaciunt.
999 2219 1134 2293 Dicens
1168 2218 1267 2296 enim
1301 2217 1493 2316 apostolus
1524 2217 1662 2293 alicubi
1691 2221 1844 2320 quidem
1869 2239 2058 2302 mortuum

482 2336 518 2392 et
548 2319 732 2417 sepultum
765 2315 974 2410 Christum,
1021 2315 1154 2393 alieubi
1191 2330 1314 2393 autem
1345 2313 1534 2391 Christum
1567 2317 1638 2388 Dei
1668 2319 1889 2414 sapientiam
1921 2335 1957 2395 et
1988 2325 2059 2396 Dei

482 2420 656 2494 virtutem
686 2441 784 2504 esse,
820 2429 944 2513 aperte
976 2412 1105 2502 docet,
1139 2415 1228 2510 quia
1252 2412 1325 2492 boc
1346 2433 1505 2501 nornen,
1538 2411 1678 2504 idest,
1713 2412 1883 2491 Christus
1910 2420 2057 2514 positus

481 2519 521 2595 in
550 2511 723 2602 homine,
755 2512 821 2610 qui
852 2513 1024 2605 mormius
1056 2524 1112 2584 est
1136 2522 1172 2583 et
1196 2507 1380 2608 sepultus5
1417 2524 1454 2582 et
1480 2535 1612 2585 rursus
1643 2507 1732 2582 alibi
1760 2509 1799 2588 in
1819 2514 1901 2591 Deo
1928 2514 2056 2609 verbo,

432 2659 434 2666 ·
482 2614 549 2712 qui
569 2611 643 2690 Dei
662 2610 798 2701 virtus,
828 2623 867 2684 et
884 2610 954 2684 Dei
977 2609 1169 2706 sapientia.
1213 2609 1276 2684 Ad
1299 2605 1391 2683 haec
1410 2619 1536 2696 autem
1557 2605 1743 2698 scribens,
1771 2608 1911 2688 “nobis
1933 2627 2058 2702 autem

478 2733 577 2786 unus
604 2708 791 2792 Dominus
823 2711 927 2786 Iesus
948 2704 1141 2796 Christus,
1160 2729 1243 2804 ⁸per
1271 2731 1383 2803 quem
1410 2705 1538 2780 omnia
1566 2719 1603 2786 et
1630 2730 1703 2778 nos
1727 2731 1793 2804 per
1817 2708 1990 2806 ipsum,’'
2016 2713 2058 2787 in

483 2823 688 2885 creatorem
717 2803 876 2883 uerbum
902 2804 997 2884 haec
1013 2802 1129 2878 rerba
1150 2802 1267 2902 ponit,
1319 2805 1407 2876 Non
1431 2801 1532 2878 enim
1551 2829 1618 2902 per
1637 2828 1742 2896 eum,
1767 2805 1833 2904 qui
1853 2808 2057 2893 secundum

484 2933 632 2982 carnem
653 2906 870 2980 exsemine
900 2902 1022 2980 David
1053 2902 1172 2976 sactus
1197 2914 1271 2992 est,
1307 2899 1433 2974 omnis
1461 2913 1631 2978 creatura
1655 2901 1695 2974 in
1724 2925 1770 2977 eo
1796 2916 1870 2994 est,
1907 2905 1946 2976 in
1978 2932 2056 3003 quo

482 3007 654 3080 universa
686 3004 911 3092 consistunt,
951 3015 987 3074 et
1018 3000 1083 3098 qui
1117 3011 1172 3074 est
1204 3010 1288 3078 ante
1318 2997 1455 3075 omnia.
1513 3001 1658 3074 Rursus
1688 3013 1810 3072 autem
1843 3014 1880 3074 et
1911 3002 1950 3073 in
1981 3002 2054 3078 alio

356 3125 361 3132 ·
480 3104 585 3189 loco,
623 3099 788 3178 ubi‘ait:
827 3098 1004 3176 “Mortui
1034 3097 1134 3181 enini
1162 3095 1266 3188 estis,
1309 3109 1345 3170 et
1377 3097 1453 3172 vita
1483 3110 1603 3171 vestra
1631 3095 1851 3172 abscondita
1885 3112 1940 3172 est
1971 3126 2055 3180 cum

483 3201 632 3282 Christo
658 3201 698 3272 in
722 3201 823 3272 Deo:
850 3222 936 3268 curn
958 3195 1172 3294 apparuerit
1197 3192 1365 3271 Christus
1390 3195 1466 3269 vita
1488 3205 1654 3285 uestra,”
1687 3209 1723 3267 et
1748 3195 1906 3293 reliqua:
1940 3193 2056 3270 Chri·-

480 3313 579 3374 stum
599 3298 692 3372 dicit
715 3296 975 3394 unigenitum,
1003 3295 1084 3368 Dei
1107 3319 1185 3377 esse
1219 3295 1351 3385 vitam,
1379 3295 1445 3372 scd
1476 3296 1587 3366 etiam
1613 3289 1801 3368 Christum
1833 3294 2051 3388 manifestat,

482 3423 567 3478 euru
592 3399 705 3480 vitam
728 3393 885 3471 celatam
910 3391 1094 3484 hominis,
1123 3391 1214 3491 quia
1238 3405 1449 3491 assumptus
1474 3389 1593 3464 abeo
1620 3403 1682 3464 est
1734 3388 1897 3468 Plurima
1920 3389 2045 3486 hujus

480 3495 583 3568 modi
606 3495 645 3573 in
671 3493 807 3568 sanctis
833 3490 1030 3588 evangeliis
1050 3491 1277 3585 reseruntur,
1306 3516 1401 3592 quae
1422 3490 1679 3578 manifestant,
1705 3488 1794 3590 quia
1810 3490 1895 3561 Iesu
1913 3515 2047 3564 nomen

480 3592 653 3691 congruit
677 3589 731 3678 ci,
765 3589 830 3688 qui
854 3587 1008 3662 lassatus
1034 3601 1089 3663 cst
1112 3615 1159 3663 ex
1184 3589 1315 3663 itinere
1340 3601 1376 3664 et
1401 3590 1440 3662 in
1466 3584 1662 3686 sepulchro
1690 3585 1874 3683 repositus
1900 3600 1971 3678 est,
2003 3591 2050 3660 ita

479 3707 522 3764 ut
547 3691 669 3763 Maria
699 3686 835 3760 diceret
864 3686 910 3759 de
940 3688 1022 3760 Deo
1044 3690 1122 3785 **):
1158 3685 1322 3760 tulerunt
1352 3688 1546 3760 dominum
1580 3708 1727 3771 meum,
1765 3695 1802 3756 et
1833 3686 1956 3758 nescio
1987 3685 2054 3760 ubi

479 3800 688 3889 posuerunt
713 3809 809 3860 eum.
869 3788 925 3858 De
951 3811 996 3860 eo
1024 3785 1144 3885 angeli
1175 3784 1409 3874 mulieribus,
1445 3779 1702 3854 accedentibus
1728 3780 1776 3852 ad
1804 3782 2053 3882 sepulchrum,

482 3891 669 3960 dixerunt:
706 3887 862 3958 “Iesum
888 3886 1083 3985 quaeritis,
1115 3911 1195 3956 non
1226 3897 1281 3955 est
1310 3878 1391 3970 hic,
1425 3879 1622 3952 resurrexit
1653 3903 1676 3950 a
1704 3880 1895 3953 mortuis?²
1955 3884 2052 3956 Cum

484 4012 572 4084 ergo
597 3983 690 4058 haec
713 3982 900 4060 distinctio
926 3985 977 4056 ita
1000 3995 1184 4070 servetur,
1215 3977 1462 4052 dubitandum
1487 4001 1566 4050 non
1591 3990 1645 4050 est
1665 3977 1766 4075 apud
1790 3978 1934 4071 fideles,
1966 3982 2054 4079 quia

483 4087 585 4158 Iesus
609 4081 707 4158 filius
729 4085 801 4158 Dei
821 4083 879 4156 sit.
930 4081 1033 4152 Sicut
1055 4090 1177 4150 autem
1195 4078 1349 4149 nomina
1373 4075 1554 4168 hominis,
1577 4075 1619 4148 id
1643 4090 1717 4168 est,
1742 4077 1864 4171 Iesus,
1889 4090 1926 4151 et
1943 4079 2052 4154 simi-

395 4439 398 4447 ,
426 4371 431 4376 ’
456 4341 458 4346 V
543 4373 574 4451 *)
597 4369 697 4432 Deest
722 4358 938 4449 signficant.

524 4508 570 4585 **)
593 4503 636 4566 Et
657 4480 804 4564 facillima
825 4513 857 4566 et
876 4502 1042 4569 verissima
1062 4517 1108 4568 est
1129 4505 1327 4586 conjectura:
1355 4500 1397 4568 de
1419 4523 1467 4566 eo.
