4608 5460
460 601 911 684 ,olimreeersossalutis
935 627 1009 700 per
1027 597 1217 676 Christum
1233 614 1279 672 -ct
1301 601 1410 676 nobis
1443 617 1480 674 et
1505 603 1679 680 universo
1699 601 1851 680 mundo
1873 603 2044 682 rationali

365 717 368 724 '
464 718 804 802 [reparateeposse-
824 701 1146 798 fieri-:participes
1209 703 1334 786 Loca,
1374 725 1467 796 quae
1489 697 1564 774 buc
1588 705 1709 777 iacere
1734 705 1925 793 videntur,
1965 705 2043 776 duo

447 839 450 850 ·
481 815 625 872 exstant
650 802 690 876 in
715 802 958 878 Enarratione
984 799 1032 870 ad
1055 799 1219 894 priorem
1239 797 1342 872 ,Petri
1366 797 1570 896 epistolam.
1621 799 1726 874 Alter
1750 800 1875 890 locus,
1901 803 1965 899 qui
1989 815 2045 874 est

480 899 690 986 adtPetrss
716 914 943 988 1,10.-·19.,
980 897 1019 969 in
1045 893 1272 968 bibliotheca
1296 895 1346 970 ita
1372 919 1563 993 expressus
1592 910 1630 967 et
1650 897 1906 995 interpunctas
1931 897 2044 994 vulgo

480 993 725 1092 legiturs‘ffii
748 996 830 1092 quis
854 995 1129 1082 existimaverit,
1156 991 1358 1091 quaesitam
1376 1019 1398 1064 a
1416 994 1606 1092 prophetis
1631 993 1786 1068 salutem
1807 1001 1847 1067 iu
1868 997 1942 1068 line
1968 1011 2046 1071 esse

481 1093 630 1180 mundi,
649 1095 762 1189 ‚quod
789 1094 829 1164 in
854 1089 1030 1164 omnibus
1054 1105 1089 1162 et
1113 1093 1154 1162 in
1179 1116 1326 1163 summo
1353 1104 1408 1174 est
1432 1094 1615 1190 appetitu,
1639 1093 1792 1188 quando
1816 1093 1933 1189 ipsius
1957 1093 2045 1190 qui«

464 1190 568 1280 ,dean
584 1187 813 1276 ‚causante
849 1201 983 1262 cuncta
1013 1190 1127 1278 liunt,
1167 1190 1291 1286 ipsum
1325 1209 1434 1280 nero,
1476 1188 1585 1282 cujus
1610 1215 1720 1262 causa
1747 1189 1885 1282 nullius
1914 1191 2044 1287 agitur.

481 1289 571 1361 Non
605 1285 672 1360 abs
698 1313 739 1362 re
773 1300 827 1358 ost
856 1287 963 1362 etiam
998 1285 1153 1385 intelligi
1184 1286 1230 1358 de
1262 1287 1399 1358 sanctis
1431 1285 1568 1384 angelis
1599 1300 1636 1358 ct
1667 1286 1879 1384 simpliciter
1905 1287 2046 1360 cunctis

464 1382 599 1458 ,beatis
630 1382 914 1462 rationabilibus
947 1383 1021 1458 hoc
1056 1383 1213 1474 dictum,
1257 1409 1342 1455 cum
1368 1411 1497 1458 omnes
1530 1384 1731 1481 appetitum
1758 1382 1918 1456 habeant
1948 1410 2046 1481 pro-‚-

484 1483 624 1581 spicere
658 1507 735 1572 ea,
761 1507 855 1580 eptae
885 1484 926 1554 in
949 1483 1023 1556 fine
1056 1471 1170 1566 seculi
1201 1482 1463 1577 contegenda.
1505 1483 1568 1556 ¹Si
1594 1507 1681 1554 vero
1713 1481 1825 1554 aliurn
1857 1481 2045 1580 quendam
2145 1545 2154 1552 .

465 1593 638 1678 ,statum
657 1581 827 1654 viderunt
856 1579 1006 1652 beatum
1038 1579 1120 1676 (per
1152 1604 1195 1650 ca
1228 1605 1323 1677 quae
1353 1577 1513 1652 revelata
1544 1592 1631 1652 sunt
1659 1603 1684 1651 a
1704 1582 1768 1677 Sp.
1801 1582 1838 1651 S.
1873 1582 1942 1670 eis,
1980 1579 2046 1677 qui

484 1677 715 1776 evangelium
747 1679 1001 1774 susceperunt)
1036 1691 1182 1774 praeter
1210 1703 1316 1766 eum,
1359 1678 1423 1775 qui
1449 1677 1568 1749 dictus
1594 1691 1665 1766 est;
1702 1676 1899 1748 dicendum
1924 1691 1979 1748 est
2010 1689 2047 1747 et

402 1829 404 1834 ,
464 1775 746 1872 concupiscere
775 1775 816 1848 in
848 1800 931 1846 eum
964 1775 1180 1871 prospicere
1203 1774 1377 1870 angelos,
1417 1776 1482 1872 qui
1512 1775 1552 1848 in
1572 1775 1862 1870 transgressione
1884 1775 2047 1871 quadam

468 1873 623 1947 ,inventi
648 1887 744 1950 sunt.
794 1873 893 1946 Nam
917 1871 1003 1943 licet
1026 1873 1177 1968 quidam
1203 1897 1332 1943 eorum
1357 1875 1463 1969 pravi
1487 1873 1581 1962 sint,
1615 1886 1774 1944 attamen
1796 1871 1933 1944 detenti
1952 1891 2048 1968 sup-

466 1970 598 2068 ,plicio
632 1967 908 2065 resipiscentes,
949 1969 1048 2040 unde
1074 1969 1303 2061 ceciderunt,
1368 1970 1445 2041 uod
1480 1972 1589 2042 ctiam
1624 1969 1798 2056 studiosis
1830 1967 2047 2040 bominibus

410 2089 417 2102 ’
485 2067 820 2166 compromittitur,
855 2065 1048 2142 habebunt
1068 2067 1292 2156 desiderium
1317 1996 1375 2144 vil
1400 2093 1467 2166 per
1490 2070 1668 2142 fenestras
1692 2091 1736 2141 ea
1759 2066 1972 2165 respicere.”
1997 2105 2050 2124 -

467 2327 472 2334 .
596 2261 719 2337 Facile
742 2265 865 2356 vides,
906 2259 1033 2336 locum
1054 2261 1154 2335 bunc
1184 2277 1302 2336 totum
1328 2265 1404 2336 iere
1433 2265 1484 2336 ita
1509 2263 1771 2360 depravatum,
1805 2261 1882 2334 imo
1914 2258 2050 2360 despo-

484 2374 606 2438 ratum
624 2387 701 2434 esse
718 2364 793 2452 ita,
818 2375 878 2453 ut,
902 2363 975 2452 pisi
990 2376 1097 2434 antea
1119 2361 1335 2432 emendatus
1356 2362 1487 2446 fuerit,
1511 2359 1664 2454 intelligi
1687 2373 1797 2453 queat
1816 2358 1919 2430 nullo
1937 2385 2051 2454 pror-

484 2485 548 2530 sus
575 2459 701 2532 modo.
753 2461 814 2531 Ad
837 2460 982 2530 initium
1008 2457 1110 2552 quod
1137 2457 1283 2542 attinet,
1320 2455 1594 2526 distinctionem
1617 2451 1818 2527 verborum
1840 2455 2051 2550 pessimam,
2139 2505 2151 2516 -

483 2555 564 2627 imo.
587 2557 756 2630 insanam
781 2581 880 2644 esse,
918 2555 958 2624 in
982 2554 1110 2651 aprico
1135 2567 1198 2624 cst.
1258 2554 1310 2624 Aa
1335 2577 1423 2627 vero
1449 2549 1537 2624 huic
1561 2550 1661 2623 malo
1685 2551 1866 2624 medicina
1891 2568 1927 2622 et
1953 2568 2051 2626 certa

470 2667 523 2734 ‚ct
552 2653 681 2724 efficax
711 2667 840 2752 parata
875 2648 987 2724 nobis
1021 2664 1076 2722 est
1107 2649 1260 2720 feliciter
1292 2650 1333 2721 in
1368 2647 1516 2722 scholiis
1551 2649 1722 2740 Graecis,
1761 2644 1828 2719 ubi
1848 2648 1977 2721 eadem
2000 2653 2050 2724 ita

473 2751 674 2846 leguntur:
715 2755 765 2830 Ei
796 2743 836 2830 di
861 2777 918 2834 ,τις
943 2743 1109 2838 &ebalidae
1134 2747 1205 2838 raia
1235 2744 1457 2844 ζητουμένην
1486 2745 1559 2828 ὕπο
1593 2753 1669 2826 τῶν
1704 2754 1900 2852 προφητῶν
1933 2777 2052 2839 ewro-
2172 2769 2177 2776 ’

474 2848 568 2951 ,piar
593 2829 1075 2934 restrictissime&
1099 2843 1163 2924 ἐπὶ
1187 2853 1281 2926 ποῖοι
1308 2847 1375 2927 nui
1398 2849 1566 2942 ἔσχατον
1586 2843 1734 2948 ὄρεκτόν
1758 2843 1963 2941 τυγχάνει,
1988 2846 2053 2930 οὐκ

435 2964 437 2967 ’
485 2945 718 3048 direptoriam
747 2944 832 3048 napi
862 2951 938 3026 τῶν
963 2943 1083 3038 ἁγίων
1112 2941 1298 3040 dapibus
1329 2942 1396 3024 aui
1427 2944 1565 3026 ἁπλῶς
1594 2942 1970 3043 πάντων-μακαρίων
1989 2953 2052 3028 λο-

476 3053 604 3141 γικῶν
637 3050 680 3126 τὸ
711 3044 946 3173 προκείμενον
977 3042 1182 3136 ἐκλαβεῖν,
1220 3041 1378 3123 πάντων
1410 3039 1526 3146 ὄρεξιν
1550 3042 1716 3140 ἑχόντων
1739 3041 1979 3146 παρακύψαι
2003 3049 2052 3128 eis

485 3145 541 3224 τοὶ
574 3145 681 3223 κατά
715 3178 758 3224 το
792 3146 905 3224 τέλος
937 3139 1169 3244 πράγματα,
1232 3143 1361 3239 Itaque
1394 3141 1539 3216 sublata
1570 3155 1657 3240 post
1682 3140 1838 3217 verbum
1869 3147 2050 3237 “agitur”

487 3242 723 3314 distinctione
757 3241 885 3338 plena,
925 3239 996 3330 ita,
1033 3253 1075 3312 ut
1106 3266 1150 3312 ex
1183 3237 1331 3311 duobus
1364 3237 1455 3311 colis
1489 3265 1565 3312 una
1599 3239 1775 3312 efficiatur
1807 3252 1843 3310 et
1873 3238 2049 3314 continua

473 3340 714 3438 -Quntiatio,
751 3339 865 3411 latina
897 3339 1016 3411 oratio
1048 3338 1179 3408 flueret
1203 3336 1359 3433 optime,
1395 3337 1467 3408 nisi
1492 3336 1732 3433 impediretur
1755 3349 1944 3432 praeterea
1975 3336 2050 3410 ob-

489 3435 718 3510 scurioribus
738 3435 869 3508 verbis
886 3435 962 3507 his:
987 3433 1163 3532 “quando
1187 3433 1302 3530 ipsius
1326 3433 1477 3531 quidem
1501 3459 1610 3506 causa
1634 3447 1765 3505 cuncta
1787 3433 1900 3521 fiunt,
1926 3434 2049 3532 ipsum

474 3559 596 3624 sero,
631 3531 736 3627 cujus
767 3557 877 3604 causa
905 3529 1043 3603 nullius
1060 3531 1230 3627 ·agitur.''
1295 3531 1456 3604 Possunt
1492 3557 1580 3606 vero
1613 3529 1723 3622 baec,
1764 3531 1804 3603 ui
1835 3530 1964 3624 fallor,
2000 3533 2051 3606 ita

477 3630 697 3722 emendari,
723 3645 763 3702 ut
788 3655 859 3729 pro
886 3635 1022 3700 nullius
1047 3653 1207 3726 reponas
1234 3633 1346 3701 nullis
1370 3628 1514 3725 (rebus,
1541 3629 1786 3728 quaeliunt),
1812 3627 1945 3701 deinde
1960 3655 2050 3704 vero

488 3728 604 3800 rerba
623 3726 767 3820 “cujus
793 3738 932 3799 causa''
957 3724 1181 3798 intercludas
1207 3726 1441 3799 distinctione
1466 3753 1590 3825 parra.
1654 3727 1724 3799 His
1757 3728 1808 3798 ita
1839 3740 1875 3796 et
1900 3729 2051 3800 restitu-

476 3827 536 3898 ·tis
560 3840 597 3898 et
630 3825 838 3923 explicatis,
876 3849 939 3915 ca,
979 3849 1072 3922 quae
1095 3823 1269 3922 deinceps
1299 3837 1334 3896 et
1362 3826 1401 3895 in
1423 3823 1497 3896 fine
1523 3823 1715 3926 leguntur,
1745 3824 1804 3896 ita
1834 3820 1921 3895 Tibi
1945 3842 2052 3898 erunt

480 3923 743 4021 intelligenda:
783 3925 909 4014 Quum
936 3947 1086 4012 omnes,
1124 3921 1188 4020 qui
1220 3922 1363 3994 ratione
1385 3922 1542 4021 praediti
1563 3936 1672 4017 sunt,
1714 3935 1846 4004 natura
1872 3935 1908 3993 ct
1928 3919 2050 3996 beati-

488 4021 628 4094 tudinis
654 4021 852 4120 cupiditate
877 4021 1077 4110 ducantur,
1116 4034 1151 4090 et
1173 4033 1347 4118 appetant
1372 4045 1415 4092 ea
1440 4021 1671 4119 prospicere,
1709 4043 1804 4120 quae
1828 4020 1868 4090 in
1894 4019 1968 4092 line
1988 4048 2050 4094 se-

487 4117 561 4191 culi
594 4121 780 4209 evenient,
814 4121 836 4192 i.
866 4145 896 4190 e.
927 4117 1083 4190 salutem
1113 4119 1310 4216 perfectam
1347 4143 1390 4191 ac
1419 4117 1683 4191 beatitudinem
1719 4145 1787 4218 per
1820 4117 2051 4216 evangelium

491 4215 687 4306 omnibus,
726 4218 791 4314 qui
816 4216 938 4315 aliqua
961 4216 1134 4286 fruuntur
1165 4217 1325 4306 ratione,
1365 4215 1674 4316 patefaciendam,
1712 4211 2052 4316 sequitur,1malos

413 4345 416 4351 ·
479 4313 933 4412 .etiam-'angelos,''m'odo
956 4337 1006 4385 ne
1031 4311 1101 4396 toti
1125 4314 1314 4429 depravati
1339 4316 1476 4386 luerint
1501 4329 1610 4414 atque
1631 4330 1763 4388 natura
1788 4339 1855 4388 sua
1879 4311 2051 4387 rationali

482 4429 644 4512 'prorsus
670 4413 804 4510 privati
827 4411 879 4508 (id
906 4412 1008 4510 quod
1032 4437 1079 4483 ne
1105 4415 1258 4508 cogitari
1337 4412 1434 4486 idem
1458 4427 1597 4511 potest,
1630 4415 1702 4486 nisi
1727 4419 1772 4486 ab
1795 4411 1861 4497 iis,
1900 4410 1965 4508 qui
1988 4436 2051 4482 er·

483 4509 638 4587 'ruribus
659 4507 969 4617 Manichaeorum
990 4507 1133 4610 decepti
1152 4509 1257 4620 sint),
1284 4437 1471 4588 disiderio
1491 4509 1619 4592 salutis
1642 4512 1681 4590 in
1706 4511 1778 4586 fine
1805 4507 1934 4582 mnndi
1960 4507 2050 4582 olim
